time,price,volumn24
2020-03-06T11:21:40.146864392-05:00,9034.51,48894.374208
2020-03-06T11:21:50.538344333-05:00,9040.39,48905.39412
2020-03-06T11:22:00.799722769-05:00,9039.14,48902.749464
2020-03-06T11:22:11.063182017-05:00,9039.12,48901.464211
2020-03-06T11:22:21.336608304-05:00,9041.15,48900.55927
2020-03-06T11:22:31.611027658-05:00,9038.97,48896.077575
2020-03-06T11:22:41.984316408-05:00,9039,48893.451323
2020-03-06T11:22:52.14196296-05:00,9039.3,48890.043163
2020-03-06T11:23:02.402811186-05:00,9039.4,48886.323411
2020-03-06T11:23:12.554407136-05:00,9039.04,48884.492525
2020-03-06T11:23:22.718698734-05:00,9043.38,48885.279812
2020-03-06T11:23:32.870249216-05:00,9042.33,48884.762725
2020-03-06T11:23:43.027663351-05:00,9042.88,48838.553896
2020-03-06T11:23:53.181263261-05:00,9040.17,48838.672426
2020-03-06T11:24:03.335376246-05:00,9042.61,48841.345819
2020-03-06T11:24:13.499677651-05:00,9042.76,48842.709797
2020-03-06T11:24:23.652126616-05:00,9039.98,48841.43173
2020-03-06T11:24:33.804263387-05:00,9040.08,48838.506961
2020-03-06T11:24:43.955605002-05:00,9039.96,48838.775935
2020-03-06T11:24:54.107832514-05:00,9037.99,48838.327992
2020-03-06T11:25:04.264143797-05:00,9033.7,48841.070888
2020-03-06T11:25:14.414548491-05:00,9033.56,48837.882102
2020-03-06T11:25:24.67742844-05:00,9033.81,48834.913382
2020-03-06T11:25:34.831358935-05:00,9031.24,48835.949286
2020-03-06T11:25:44.994066971-05:00,9033.01,48835.67645
2020-03-06T11:25:55.252984148-05:00,9032.36,48835.445259
2020-03-06T11:26:05.407997832-05:00,9033.83,48833.750466
2020-03-06T11:26:15.782905408-05:00,9034.43,48834.270304
2020-03-06T11:26:25.934706204-05:00,9034.43,48835.154746
2020-03-06T11:26:36.307262111-05:00,9038.9,48835.630492
2020-03-06T11:26:46.464472096-05:00,9040.41,48836.570574
2020-03-06T11:26:56.615835313-05:00,9043.68,48825.089435
2020-03-06T11:27:06.986348043-05:00,9043.56,48826.743841
2020-03-06T11:27:17.136814495-05:00,9042.75,48813.808838
2020-03-06T11:27:27.292912578-05:00,9038.98,48815.508551
2020-03-06T11:27:37.454204371-05:00,9035.09,48813.428848
2020-03-06T11:27:47.604026166-05:00,9035.68,48804.036338
2020-03-06T11:27:57.866149617-05:00,9036.42,48791.866434
2020-03-06T11:28:08.126514814-05:00,9037.23,48783.89362
2020-03-06T11:28:18.279222623-05:00,9042.85,48777.385972
2020-03-06T11:28:28.545437837-05:00,9038.05,48775.55673
2020-03-06T11:28:38.810359973-05:00,9039.02,48773.532724
2020-03-06T11:28:49.199116781-05:00,9039.78,48771.655226
2020-03-06T11:28:59.351959676-05:00,9039.01,48769.782154
2020-03-06T11:29:09.502197043-05:00,9040.9,48765.989536
2020-03-06T11:29:19.763313526-05:00,9039.31,48763.408696
2020-03-06T11:29:29.917144054-05:00,9039.63,48761.333123
2020-03-06T11:29:40.178250173-05:00,9043.21,48743.339992
2020-03-06T11:29:50.437592286-05:00,9042.09,48731.800872
2020-03-06T11:30:00.599229588-05:00,9043.15,48725.54757
2020-03-06T11:30:10.754760732-05:00,9042.09,48691.976036
2020-03-06T11:30:20.905095032-05:00,9041.07,48691.697396
2020-03-06T11:30:31.056292481-05:00,9042.03,48679.918249
2020-03-06T11:30:41.318416233-05:00,9040.12,48666.565354
2020-03-06T11:30:51.469126824-05:00,9038.4,48660.498495
2020-03-06T11:31:01.633511776-05:00,9041.97,48652.163756
2020-03-06T11:31:11.787763653-05:00,9044.97,48650.56234
2020-03-06T11:31:21.944051216-05:00,9044.59,48629.396679
2020-03-06T11:31:32.097311056-05:00,9044.24,48626.56523
2020-03-06T11:31:42.35526786-05:00,9042.46,48627.233315
2020-03-06T11:31:52.61582962-05:00,9045.64,48626.39872
2020-03-06T11:32:02.768669385-05:00,9046.41,48622.893182
2020-03-06T11:32:13.140612831-05:00,9050.85,48624.796907
2020-03-06T11:32:23.29561999-05:00,9051.9,48616.072158
2020-03-06T11:32:33.455038249-05:00,9051.39,48622.306112
2020-03-06T11:32:43.718347788-05:00,9061,48641.510383
2020-03-06T11:32:53.87143404-05:00,9059.1,48639.529181
2020-03-06T11:33:04.025468523-05:00,9060.98,48643.059685
2020-03-06T11:33:14.175387286-05:00,9060.84,48649.375926
2020-03-06T11:33:24.325614395-05:00,9059.83,48656.592632
2020-03-06T11:33:34.478840466-05:00,9057.79,48658.87443
2020-03-06T11:33:44.631366765-05:00,9062.83,48655.769139
2020-03-06T11:33:54.78408766-05:00,9060.05,48661.378398
2020-03-06T11:34:04.938864332-05:00,9060.92,48657.144621
2020-03-06T11:34:15.094127316-05:00,9062.1,48649.945317
2020-03-06T11:34:25.245644108-05:00,9058.69,48650.726743
2020-03-06T11:34:35.398258004-05:00,9057.18,48652.579826
2020-03-06T11:34:45.772779921-05:00,9057.05,48651.182368
2020-03-06T11:34:56.035315465-05:00,9056.74,48647.597314
2020-03-06T11:35:06.3061768-05:00,9056.95,48647.03757
2020-03-06T11:35:16.568589189-05:00,9058.71,48651.215044
2020-03-06T11:35:26.72380616-05:00,9056.77,48650.356022
2020-03-06T11:35:36.874763555-05:00,9051.89,48653.903689
2020-03-06T11:35:47.02626378-05:00,9053.36,48654.470246
2020-03-06T11:35:57.182262171-05:00,9054.93,48653.005269
2020-03-06T11:36:07.336203228-05:00,9055.21,48645.998396
2020-03-06T11:36:17.489562442-05:00,9055.5,48648.470463
2020-03-06T11:36:27.746697131-05:00,9055.51,48651.603229
2020-03-06T11:36:37.90842454-05:00,9053.72,48667.329786
2020-03-06T11:36:48.27630211-05:00,9053.73,48666.498532
2020-03-06T11:36:58.429197537-05:00,9052.78,48665.933362
2020-03-06T11:37:08.579920233-05:00,9052.14,48671.390976
2020-03-06T11:37:18.838722702-05:00,9051.28,48673.070067
2020-03-06T11:37:28.991528776-05:00,9050.92,48674.542903
2020-03-06T11:37:39.157909096-05:00,9051.26,48675.262155
2020-03-06T11:37:49.313857773-05:00,9050.29,48684.377161
2020-03-06T11:37:59.47214119-05:00,9050.04,48684.214525
2020-03-06T11:38:09.638743033-05:00,9054.75,48687.079323
2020-03-06T11:38:19.791020057-05:00,9051.54,48691.788192
2020-03-06T11:38:29.948090583-05:00,9051.52,48693.774137
2020-03-06T11:38:40.099321093-05:00,9050.74,48691.006188
2020-03-06T11:38:50.250290621-05:00,9052.18,48683.952516
2020-03-06T11:39:00.401663454-05:00,9052.22,48683.18682
2020-03-06T11:39:10.552881264-05:00,9052.52,48678.155309
2020-03-06T11:39:20.706358858-05:00,9052.25,48674.691668
2020-03-06T11:39:30.85791389-05:00,9051.59,48672.910235
2020-03-06T11:39:41.017060376-05:00,9051.3,48667.621448
2020-03-06T11:39:51.167010319-05:00,9051.46,48666.814337
2020-03-06T11:40:01.324150339-05:00,9051.61,48659.892862
2020-03-06T11:40:11.496627102-05:00,9052,48654.598291
2020-03-06T11:40:21.65793107-05:00,9052.58,48646.242899
2020-03-06T11:40:32.032839-05:00,9055.17,48640.048418
2020-03-06T11:40:42.425023974-05:00,9053.85,48636.623937
2020-03-06T11:40:52.579669488-05:00,9055.94,48636.666897
2020-03-06T11:41:02.731964737-05:00,9055.47,48634.099029
2020-03-06T11:41:12.882723424-05:00,9056.13,48631.680386
2020-03-06T11:41:23.259461048-05:00,9055.94,48631.946995
2020-03-06T11:41:33.522180989-05:00,9056.7,48634.474251
2020-03-06T11:41:43.679520844-05:00,9056.46,48632.053672
2020-03-06T11:41:53.838356206-05:00,9055.35,48630.285301
2020-03-06T11:42:04.021279855-05:00,9056,48630.839814
2020-03-06T11:42:14.175225144-05:00,9055.84,48628.150801
2020-03-06T11:42:24.439511347-05:00,9055.53,48625.052313
2020-03-06T11:42:34.589476273-05:00,9048.77,48638.223964
2020-03-06T11:42:44.739539105-05:00,9048.74,48638.906109
2020-03-06T11:42:54.903394283-05:00,9049.07,48627.603586
2020-03-06T11:43:05.16597383-05:00,9049.06,48626.024838
2020-03-06T11:43:15.321797588-05:00,9049.19,48628.939322
2020-03-06T11:43:25.586259088-05:00,9047.18,48634.934352
2020-03-06T11:43:35.969561545-05:00,9050,48636.539624
2020-03-06T11:43:46.127875863-05:00,9049.99,48635.363343
2020-03-06T11:43:56.283030848-05:00,9051.76,48641.584783
2020-03-06T11:44:06.434030253-05:00,9050.55,48650.822811
2020-03-06T11:44:16.585519174-05:00,9050.37,48648.903435
2020-03-06T11:44:26.955603769-05:00,9050.69,48650.246352
2020-03-06T11:44:37.105572884-05:00,9050.69,48652.426064
2020-03-06T11:44:47.257090497-05:00,9049.26,48652.673867
2020-03-06T11:44:57.413312608-05:00,9046.7,48648.031559
2020-03-06T11:45:07.5707362-05:00,9043.72,48647.081445
2020-03-06T11:45:17.832647953-05:00,9037.69,48658.84029
2020-03-06T11:45:27.985214436-05:00,9034.04,48674.066908
2020-03-06T11:45:38.135468113-05:00,9034.09,48681.107859
2020-03-06T11:45:48.733265081-05:00,9035.74,48679.722105
2020-03-06T11:45:58.992140255-05:00,9034.87,48672.584241
2020-03-06T11:46:09.26120373-05:00,9035,48670.522878
2020-03-06T11:46:19.418069728-05:00,9034.99,48668.515234
2020-03-06T11:46:29.679055788-05:00,9037.22,48667.014044
2020-03-06T11:46:39.938051131-05:00,9035.71,48666.965698
2020-03-06T11:46:50.320943714-05:00,9034.68,48658.297428
2020-03-06T11:47:00.471580316-05:00,9034.68,48658.603552
2020-03-06T11:47:10.739291422-05:00,9035.17,48650.274622
2020-03-06T11:47:21.004270433-05:00,9034.89,48650.260947
2020-03-06T11:47:31.268902166-05:00,9035,48649.373556
2020-03-06T11:47:41.529484188-05:00,9037,48535.367459
2020-03-06T11:47:51.688933208-05:00,9038.19,48531.882404
2020-03-06T11:48:01.84794433-05:00,9039.62,48527.937369
2020-03-06T11:48:12.456863438-05:00,9041.42,48528.792887
2020-03-06T11:48:22.853543204-05:00,9042.38,48528.321287
2020-03-06T11:48:33.006773378-05:00,9042.45,48527.67561
2020-03-06T11:48:43.160226461-05:00,9042.44,48527.29274
2020-03-06T11:48:53.310612844-05:00,9043.04,48532.382264
2020-03-06T11:49:03.577526538-05:00,9040.2,48530.921227
2020-03-06T11:49:13.854924797-05:00,9040.82,48526.31504
2020-03-06T11:49:24.239481439-05:00,9041.68,48527.609544
2020-03-06T11:49:34.513999745-05:00,9042.04,48521.518873
2020-03-06T11:49:44.847824471-05:00,9041.77,48521.680246
2020-03-06T11:49:55.000041348-05:00,9043.32,48520.343731
2020-03-06T11:50:05.263325417-05:00,9042.95,48518.27188
2020-03-06T11:50:15.528698627-05:00,9042.45,48516.992373
2020-03-06T11:50:25.908338273-05:00,9043.53,48514.474123
2020-03-06T11:50:36.284591485-05:00,9044.28,48513.933275
2020-03-06T11:50:46.543853059-05:00,9044.58,48512.474179
2020-03-06T11:50:56.930186425-05:00,9044.46,48511.635346
2020-03-06T11:51:07.08217501-05:00,9044.97,48510.414903
2020-03-06T11:51:17.346648895-05:00,9042.1,48507.001064
2020-03-06T11:51:27.50512059-05:00,9040.85,48493.830722
2020-03-06T11:51:37.880533324-05:00,9040.87,48476.263872
2020-03-06T11:51:48.035709152-05:00,9041.16,48474.741381
2020-03-06T11:51:58.194416952-05:00,9043.6,48476.38334
2020-03-06T11:52:08.352112191-05:00,9042.73,48470.876391
2020-03-06T11:52:18.504229189-05:00,9041.87,48468.480428
2020-03-06T11:52:28.769403774-05:00,9041.04,48465.359752
2020-03-06T11:52:38.92480201-05:00,9041.78,48466.748726
2020-03-06T11:52:49.185924622-05:00,9042.15,48466.500102
2020-03-06T11:52:59.560105574-05:00,9041.38,48465.637254
2020-03-06T11:53:09.825710134-05:00,9045.28,48475.424992
2020-03-06T11:53:20.201542613-05:00,9045.88,48471.049193
2020-03-06T11:53:30.356617966-05:00,9046.85,48475.301034
2020-03-06T11:53:40.51464558-05:00,9049.03,48481.722236
2020-03-06T11:53:50.66446306-05:00,9048.02,48480.878217
2020-03-06T11:54:01.043774227-05:00,9048,48480.863936
2020-03-06T11:54:11.309658932-05:00,9046.8,48479.821403
2020-03-06T11:54:21.468246378-05:00,9048,48476.898786
2020-03-06T11:54:31.621105802-05:00,9047.99,48478.29752
2020-03-06T11:54:41.771804587-05:00,9048.23,48478.297594
2020-03-06T11:54:51.922225255-05:00,9049.34,48479.017409
2020-03-06T11:55:02.083829246-05:00,9050.93,48484.330583
2020-03-06T11:55:12.236336598-05:00,9049.72,48478.640972
2020-03-06T11:55:22.398489366-05:00,9050.03,48477.40861
2020-03-06T11:55:32.551250041-05:00,9050.22,48477.337291
2020-03-06T11:55:42.707701207-05:00,9050.66,48473.713407
2020-03-06T11:55:52.868102894-05:00,9052.84,48473.273442
2020-03-06T11:56:03.029206392-05:00,9055.59,48483.957817
2020-03-06T11:56:13.178274493-05:00,9056.51,48486.116828
2020-03-06T11:56:23.343222078-05:00,9058.93,48492.252702
2020-03-06T11:56:33.7754274-05:00,9058.07,48496.045044
2020-03-06T11:56:44.036129186-05:00,9057.88,48496.655752
2020-03-06T11:56:54.409579265-05:00,9056.25,48496.830094
2020-03-06T11:57:04.779716754-05:00,9051.8,48503.061095
2020-03-06T11:57:14.938684998-05:00,9053.13,48504.974537
2020-03-06T11:57:25.201408561-05:00,9052.51,48504.668404
2020-03-06T11:57:35.358781537-05:00,9052.61,48503.886838
2020-03-06T11:57:45.507743149-05:00,9051.84,48507.59244
2020-03-06T11:57:55.664941916-05:00,9056.31,48507.385724
2020-03-06T11:58:05.815356115-05:00,9053.89,48496.13239
2020-03-06T11:58:15.964516557-05:00,9055.78,48494.438322
2020-03-06T11:58:26.225484094-05:00,9055.34,48493.139832
2020-03-06T11:58:36.384854221-05:00,9056.32,48490.901674
2020-03-06T11:58:46.647823988-05:00,9055.46,48489.25727
2020-03-06T11:58:56.801408529-05:00,9056.36,48492.431112
2020-03-06T11:59:06.952185754-05:00,9055.9,48491.32205
2020-03-06T11:59:17.104823836-05:00,9055.02,48492.61789
2020-03-06T11:59:27.255533483-05:00,9055.69,48494.860179
2020-03-06T11:59:37.42310487-05:00,9050,48505.630949
2020-03-06T11:59:47.575965972-05:00,9051,48506.524366
2020-03-06T11:59:57.727723964-05:00,9050.99,48507.749338
2020-03-06T12:00:07.888306244-05:00,9052.19,48519.130636
2020-03-06T12:00:18.051149594-05:00,9051.16,48522.022316
2020-03-06T12:00:28.312130751-05:00,9051.01,48523.950261
2020-03-06T12:00:38.461964967-05:00,9051.01,48524.17991
2020-03-06T12:00:48.726347652-05:00,9051.34,48522.895782
2020-03-06T12:00:58.883528201-05:00,9051,48521.023258
2020-03-06T12:01:09.042096061-05:00,9054.53,48527.66037
2020-03-06T12:01:19.197452435-05:00,9054.56,48525.260858
2020-03-06T12:01:29.350803908-05:00,9054.47,48524.883056
2020-03-06T12:01:39.726652934-05:00,9054.97,48525.731451
2020-03-06T12:01:49.886340689-05:00,9053.38,48526.765051
2020-03-06T12:02:00.143847017-05:00,9055.69,48527.869226
2020-03-06T12:02:10.294106175-05:00,9054.72,48527.524957
2020-03-06T12:02:20.560484669-05:00,9056.14,48528.503295
2020-03-06T12:02:30.722790762-05:00,9054.77,48533.231426
2020-03-06T12:02:40.987438651-05:00,9052.68,48530.040603
2020-03-06T12:02:51.249951911-05:00,9053.08,48470.781842
2020-03-06T12:03:01.41405576-05:00,9052.37,48469.46503
2020-03-06T12:03:11.795739505-05:00,9053.71,48475.606315
2020-03-06T12:03:21.949919445-05:00,9053.17,48473.734225
2020-03-06T12:03:32.119367322-05:00,9051.95,48471.480847
2020-03-06T12:03:42.377927583-05:00,9052.02,48472.208348
2020-03-06T12:03:52.532078743-05:00,9051.53,48470.713312
2020-03-06T12:04:02.691868567-05:00,9051.66,48459.687015
2020-03-06T12:04:12.846942537-05:00,9051.37,48456.771016
2020-03-06T12:04:22.999922636-05:00,9051.99,48451.740053
2020-03-06T12:04:33.266225777-05:00,9051.99,48449.378709
2020-03-06T12:04:43.433017201-05:00,9051.88,48434.949268
2020-03-06T12:04:53.697479426-05:00,9051.13,48430.176978
2020-03-06T12:05:04.073156833-05:00,9053.18,48433.720155
2020-03-06T12:05:14.672150679-05:00,9057.65,48436.187576
2020-03-06T12:05:24.824721961-05:00,9056.24,48442.263331
2020-03-06T12:05:35.206262969-05:00,9061.01,48473.474456
2020-03-06T12:05:45.463712032-05:00,9060.5,48474.805452
2020-03-06T12:05:55.8365132-05:00,9062.8,48480.165054
2020-03-06T12:06:06.097773756-05:00,9062.01,48479.748477
2020-03-06T12:06:16.250542033-05:00,9061.04,48471.586134
2020-03-06T12:06:26.858575184-05:00,9060,48471.690611
2020-03-06T12:06:37.229849988-05:00,9060.07,48469.578209
2020-03-06T12:06:47.490870448-05:00,9061.14,48456.735291
2020-03-06T12:06:58.096335231-05:00,9061.83,48451.716768
2020-03-06T12:07:08.471422007-05:00,9061,48452.082581
2020-03-06T12:07:18.731100065-05:00,9061,48451.746372
2020-03-06T12:07:28.99746539-05:00,9060.89,48443.293055
2020-03-06T12:07:39.259281688-05:00,9062.8,48445.033684
2020-03-06T12:07:49.415031534-05:00,9063.15,48435.513223
2020-03-06T12:07:59.788239938-05:00,9062.96,48439.017649
2020-03-06T12:08:09.950186148-05:00,9062.63,48448.051721
2020-03-06T12:08:20.322633375-05:00,9059.31,48468.015645
2020-03-06T12:08:30.481220066-05:00,9058.79,48469.525508
2020-03-06T12:08:40.852345355-05:00,9060.15,48467.937455
2020-03-06T12:08:51.45690581-05:00,9059.2,48466.832316
2020-03-06T12:09:01.715635348-05:00,9061.73,48470.089938
2020-03-06T12:09:12.09230036-05:00,9058.85,48467.791453
2020-03-06T12:09:22.464476855-05:00,9061.75,48466.692947
2020-03-06T12:09:32.614125046-05:00,9061.47,48466.639835
2020-03-06T12:09:42.764314584-05:00,9063.24,48464.626398
2020-03-06T12:09:53.029055521-05:00,9061.6,48466.918428
2020-03-06T12:10:03.1789676-05:00,9061.9,48470.345805
2020-03-06T12:10:13.780744723-05:00,9061.35,48475.177793
2020-03-06T12:10:24.038342483-05:00,9060.9,48480.203394
2020-03-06T12:10:34.643599628-05:00,9060.82,48479.385436
2020-03-06T12:10:44.805338914-05:00,9059.18,48479.618323
2020-03-06T12:10:55.065756583-05:00,9059.88,48479.037541
2020-03-06T12:11:05.433147066-05:00,9058.05,48482.003327
2020-03-06T12:11:15.60639756-05:00,9057.97,48482.182081
2020-03-06T12:11:25.772877898-05:00,9057.97,48473.491296
2020-03-06T12:11:36.371277418-05:00,9058.13,48475.214314
2020-03-06T12:11:46.533363823-05:00,9058.86,48470.654844
2020-03-06T12:11:56.691064764-05:00,9059.95,48470.428912
2020-03-06T12:12:06.85085551-05:00,9058.94,48469.426736
2020-03-06T12:12:17.004253378-05:00,9058.81,48465.775817
2020-03-06T12:12:27.154826128-05:00,9058.71,48460.867834
2020-03-06T12:12:37.315699376-05:00,9058.63,48460.80612
2020-03-06T12:12:47.473528234-05:00,9058.26,48461.583949
2020-03-06T12:12:57.627868153-05:00,9057.54,48463.72174
2020-03-06T12:13:07.890471318-05:00,9057.25,48446.632399
2020-03-06T12:13:18.147993109-05:00,9057.93,48446.07605
2020-03-06T12:13:28.307586115-05:00,9057.22,48445.121576
2020-03-06T12:13:38.465154413-05:00,9058.11,48445.218776
2020-03-06T12:13:48.728062719-05:00,9058.8,48444.969806
2020-03-06T12:13:58.880532766-05:00,9058.8,48444.69044
2020-03-06T12:14:09.047933892-05:00,9058.05,48446.082149
2020-03-06T12:14:19.200188591-05:00,9058.07,48446.94587
2020-03-06T12:14:29.570682588-05:00,9057,48448.566715
2020-03-06T12:14:39.723098062-05:00,9057.02,48449.19958
2020-03-06T12:14:49.991315905-05:00,9057.32,48447.145151
2020-03-06T12:15:00.142564346-05:00,9056.6,48445.811399
2020-03-06T12:15:10.305596942-05:00,9058.28,48445.47737
2020-03-06T12:15:20.680330845-05:00,9057.5,48449.629319
2020-03-06T12:15:31.052823489-05:00,9057.24,48447.438399
2020-03-06T12:15:41.310075324-05:00,9056.72,48451.545543
2020-03-06T12:15:51.468613419-05:00,9056.74,48448.951306
2020-03-06T12:16:01.737591112-05:00,9056.77,48456.928604
2020-03-06T12:16:11.88850086-05:00,9056.49,48453.252852
2020-03-06T12:16:22.260424452-05:00,9056.64,48455.075331
2020-03-06T12:16:32.413734682-05:00,9057.58,48455.628776
2020-03-06T12:16:42.566760013-05:00,9059.29,48457.896478
2020-03-06T12:16:52.953554577-05:00,9057.19,48458.506115
2020-03-06T12:17:03.320565221-05:00,9057.5,48460.197109
2020-03-06T12:17:13.582973802-05:00,9057,48461.377301
2020-03-06T12:17:23.733401838-05:00,9057.36,48462.593905
2020-03-06T12:17:33.884491566-05:00,9056.77,48463.348205
2020-03-06T12:17:44.097005033-05:00,9057.1,48461.191296
2020-03-06T12:17:54.364392891-05:00,9057.7,48465.845134
2020-03-06T12:18:04.516961654-05:00,9064.23,48473.016186
2020-03-06T12:18:14.775027055-05:00,9064.13,48472.02089
2020-03-06T12:18:25.147324408-05:00,9062.95,48474.28647
2020-03-06T12:18:35.41187181-05:00,9064.4,48471.598766
2020-03-06T12:18:45.781735797-05:00,9064.39,48472.147251
2020-03-06T12:18:55.936749095-05:00,9065,48439.524631
2020-03-06T12:19:06.195107961-05:00,9067.64,48452.79706
2020-03-06T12:19:16.572098709-05:00,9068.75,48457.624255
2020-03-06T12:19:26.831116769-05:00,9069.82,48459.611973
2020-03-06T12:19:37.096724538-05:00,9070,48462.052329
2020-03-06T12:19:47.700926065-05:00,9071.99,48467.698899
2020-03-06T12:19:57.965523772-05:00,9071.58,48465.48469
2020-03-06T12:20:08.119442249-05:00,9080.5,48493.019934
2020-03-06T12:20:18.385108369-05:00,9079,48530.564773
2020-03-06T12:20:28.53992725-05:00,9072.98,48532.410791
2020-03-06T12:20:38.91381757-05:00,9072.63,48532.403602
2020-03-06T12:20:49.063501983-05:00,9075.19,48531.40414
2020-03-06T12:20:59.222188647-05:00,9076.09,48531.682425
2020-03-06T12:21:09.592806758-05:00,9076.4,48542.804584
2020-03-06T12:21:19.742989426-05:00,9075,48538.990389
2020-03-06T12:21:29.894734318-05:00,9075.89,48544.634483
2020-03-06T12:21:40.0466359-05:00,9073.87,48554.000922
2020-03-06T12:21:50.198266841-05:00,9073.87,48553.743123
2020-03-06T12:22:00.354076046-05:00,9074.61,48556.164079
2020-03-06T12:22:10.515564297-05:00,9074.7,48557.242986
2020-03-06T12:22:20.668099204-05:00,9073.55,48559.687531
2020-03-06T12:22:30.822027426-05:00,9074.08,48560.131032
2020-03-06T12:22:41.081349744-05:00,9074.8,48520.417664
2020-03-06T12:22:51.237618038-05:00,9074.76,48521.503209
2020-03-06T12:23:01.393331609-05:00,9073.83,48521.821086
2020-03-06T12:23:11.554593407-05:00,9073.58,48522.750209
2020-03-06T12:23:21.706489868-05:00,9074.32,48523.199861
2020-03-06T12:23:32.089730399-05:00,9071.85,48524.229982
2020-03-06T12:23:42.243651584-05:00,9072.69,48524.262484
2020-03-06T12:23:52.397417499-05:00,9072.62,48522.034512
2020-03-06T12:24:02.554824906-05:00,9072.27,48531.992306
2020-03-06T12:24:12.712122402-05:00,9072.35,48529.911845
2020-03-06T12:24:22.864652039-05:00,9072,48531.850803
2020-03-06T12:24:33.130628124-05:00,9074.63,48537.896024
2020-03-06T12:24:43.283820149-05:00,9074.32,48538.546046
2020-03-06T12:24:53.439146906-05:00,9072.26,48535.139894
2020-03-06T12:25:04.033080656-05:00,9069.75,48536.6559
2020-03-06T12:25:14.290390227-05:00,9066.49,48540.674843
2020-03-06T12:25:24.553379116-05:00,9062.04,48526.232014
2020-03-06T12:25:34.749359422-05:00,9065,48518.50769
2020-03-06T12:25:44.903127612-05:00,9064.43,48501.46469
2020-03-06T12:25:55.055924939-05:00,9063.98,48483.704002
2020-03-06T12:26:05.205636054-05:00,9062.62,48486.375117
2020-03-06T12:26:15.581107253-05:00,9065.57,48487.097588
2020-03-06T12:26:25.743643845-05:00,9065.84,48463.453792
2020-03-06T12:26:35.906404177-05:00,9065.85,48425.452286
2020-03-06T12:26:46.169758259-05:00,9068.04,48378.570736
2020-03-06T12:26:56.429872087-05:00,9066.81,48377.486636
2020-03-06T12:27:06.693601388-05:00,9068.16,48373.485504
2020-03-06T12:27:16.843293516-05:00,9068.29,48367.21507
2020-03-06T12:27:27.215570714-05:00,9071.81,48350.682814
2020-03-06T12:27:37.374002816-05:00,9071.55,48344.339748
2020-03-06T12:27:47.752083494-05:00,9070.13,48337.329914
2020-03-06T12:27:57.912940103-05:00,9066.85,48311.437381
2020-03-06T12:28:08.075964981-05:00,9066.7,48258.522622
2020-03-06T12:28:18.227945747-05:00,9068.94,48254.422495
2020-03-06T12:28:28.380441523-05:00,9069.08,48250.096253
2020-03-06T12:28:38.531712672-05:00,9068.79,48244.845045
2020-03-06T12:28:48.911327581-05:00,9068.19,48239.471175
2020-03-06T12:28:59.062458286-05:00,9068.22,48237.91443
2020-03-06T12:29:09.22190917-05:00,9072.94,48234.1702
2020-03-06T12:29:19.37743992-05:00,9074.99,48238.366314
2020-03-06T12:29:29.535196147-05:00,9074.21,48232.160209
2020-03-06T12:29:39.68557429-05:00,9073.42,48228.02077
2020-03-06T12:29:49.954322297-05:00,9073.7,48227.08673
2020-03-06T12:30:00.107268382-05:00,9075.65,48229.272204
2020-03-06T12:30:10.259400844-05:00,9076.2,48220.627913
2020-03-06T12:30:20.411048171-05:00,9076.16,48200.585637
2020-03-06T12:30:30.562748752-05:00,9077.41,48190.784284
2020-03-06T12:30:40.717270444-05:00,9076.71,48192.960251
2020-03-06T12:30:50.871068874-05:00,9077.64,48189.62414
2020-03-06T12:31:01.041964773-05:00,9078.71,48187.138666
2020-03-06T12:31:11.198059633-05:00,9079.41,48187.653001
2020-03-06T12:31:21.351016291-05:00,9078.52,48189.092215
2020-03-06T12:31:31.521690153-05:00,9074.31,48201.848375
2020-03-06T12:31:41.790715257-05:00,9074.11,48190.603466
2020-03-06T12:31:52.05168161-05:00,9071.38,48185.561763
2020-03-06T12:32:02.328420066-05:00,9070.31,48181.816972
2020-03-06T12:32:12.507187051-05:00,9070.43,48178.406008
2020-03-06T12:32:22.660126026-05:00,9069.89,48180.519681
2020-03-06T12:32:32.91630259-05:00,9069.63,48176.20683
2020-03-06T12:32:43.178760803-05:00,9067.95,48172.187276
2020-03-06T12:32:53.557344683-05:00,9067.78,48169.616561
2020-03-06T12:33:03.708145601-05:00,9065.39,48168.676343
2020-03-06T12:33:13.860169008-05:00,9066.99,48165.012027
2020-03-06T12:33:24.11909876-05:00,9066.43,48161.529509
2020-03-06T12:33:34.280078064-05:00,9066.37,48149.885823
2020-03-06T12:33:44.437989406-05:00,9066.43,48144.10098
2020-03-06T12:33:54.58749943-05:00,9070.02,48133.893547
2020-03-06T12:34:04.741035718-05:00,9070.06,48116.973823
2020-03-06T12:34:15.003490018-05:00,9070,48110.997735
2020-03-06T12:34:25.264186269-05:00,9070,48108.952837
2020-03-06T12:34:35.421043493-05:00,9070.01,48028.901679
2020-03-06T12:34:45.686193356-05:00,9068.12,48034.641837
2020-03-06T12:34:55.848644228-05:00,9068.71,48030.682131
2020-03-06T12:35:06.108177368-05:00,9067.89,48028.041555
2020-03-06T12:35:16.706807888-05:00,9067.81,48017.667181
2020-03-06T12:35:26.973275143-05:00,9067.88,48014.988251
2020-03-06T12:35:37.34771945-05:00,9067.65,48014.21238
2020-03-06T12:35:47.505543482-05:00,9067.62,48014.448441
2020-03-06T12:35:57.65953672-05:00,9065.07,48013.44192
2020-03-06T12:36:08.036245068-05:00,9065.9,48013.313066
2020-03-06T12:36:18.296802836-05:00,9067,48012.902783
2020-03-06T12:36:28.675037982-05:00,9067.47,48008.260898
2020-03-06T12:36:38.82679344-05:00,9067.49,48007.396337
2020-03-06T12:36:48.982802885-05:00,9071.34,48007.111561
2020-03-06T12:36:59.351788813-05:00,9071.72,47995.935601
2020-03-06T12:37:09.500901613-05:00,9073.65,47992.945076
2020-03-06T12:37:19.650591509-05:00,9074.06,47991.589561
2020-03-06T12:37:29.810022644-05:00,9071.7,47991.548746
2020-03-06T12:37:39.968651414-05:00,9071.7,47989.492005
2020-03-06T12:37:50.229000649-05:00,9070.07,48001.102748
2020-03-06T12:38:00.378787741-05:00,9069.82,48004.455802
2020-03-06T12:38:10.753866885-05:00,9069.82,48002.533548
2020-03-06T12:38:20.916979804-05:00,9069.18,47998.056358
2020-03-06T12:38:31.072104586-05:00,9069.18,47996.194618
2020-03-06T12:38:41.225669496-05:00,9068.07,47996.683209
2020-03-06T12:38:51.381202746-05:00,9065.67,47999.698198
2020-03-06T12:39:01.536985062-05:00,9059.82,48006.087265
2020-03-06T12:39:11.690079795-05:00,9058.96,48007.57427
2020-03-06T12:39:22.06545197-05:00,9058.89,48008.657872
2020-03-06T12:39:32.44783639-05:00,9058.82,48004.196069
2020-03-06T12:39:42.601785709-05:00,9058.02,48001.599166
2020-03-06T12:39:52.766607981-05:00,9063.83,48019.80278
2020-03-06T12:40:02.922799913-05:00,9063.67,48016.864249
2020-03-06T12:40:13.077087219-05:00,9063.67,48012.437973
2020-03-06T12:40:23.341167936-05:00,9063.31,48008.640125
2020-03-06T12:40:33.49494412-05:00,9063,48008.057918
2020-03-06T12:40:43.876590376-05:00,9063.1,48006.938464
2020-03-06T12:40:54.139877573-05:00,9064.11,48005.13839
2020-03-06T12:41:04.296238758-05:00,9065,48003.712251
2020-03-06T12:41:14.564304446-05:00,9063.33,47999.022711
2020-03-06T12:41:24.722228947-05:00,9063.91,47997.881549
2020-03-06T12:41:35.098683953-05:00,9063.09,47996.153489
2020-03-06T12:41:45.359250446-05:00,9062.82,47993.742504
2020-03-06T12:41:55.519582707-05:00,9060.9,47992.8346
2020-03-06T12:42:05.677549864-05:00,9061.33,47974.959645
2020-03-06T12:42:15.828779886-05:00,9060.03,47974.27573
2020-03-06T12:42:25.984827739-05:00,9064.24,47975.448271
2020-03-06T12:42:36.14006045-05:00,9064.23,47975.124281
2020-03-06T12:42:46.406078818-05:00,9061.96,47972.444006
2020-03-06T12:42:56.561268426-05:00,9061.41,47955.905534
2020-03-06T12:43:06.716776808-05:00,9061.65,47931.198387
2020-03-06T12:43:16.979714007-05:00,9063.26,47933.102497
2020-03-06T12:43:27.239700822-05:00,9062.92,47932.979043
2020-03-06T12:43:37.390865273-05:00,9063,47937.227656
2020-03-06T12:43:47.771404775-05:00,9065,47935.839117
2020-03-06T12:43:57.934793647-05:00,9068.33,47946.615801
2020-03-06T12:44:08.089549865-05:00,9068.4,47949.842172
2020-03-06T12:44:18.241260107-05:00,9067.52,47939.583574
2020-03-06T12:44:28.502011895-05:00,9065.95,47916.904663
2020-03-06T12:44:38.653929723-05:00,9065.83,47908.410733
2020-03-06T12:44:48.809132832-05:00,9065.17,47898.850055
2020-03-06T12:44:58.961608308-05:00,9066.28,47885.186821
2020-03-06T12:45:09.118521636-05:00,9069.2,47884.518796
2020-03-06T12:45:19.383273458-05:00,9069.2,47896.318195
2020-03-06T12:45:29.643301319-05:00,9069.2,47899.576724
2020-03-06T12:45:39.806305796-05:00,9069.2,47901.43217
2020-03-06T12:45:50.066261771-05:00,9069.2,47901.310847
2020-03-06T12:46:00.21684488-05:00,9069.2,47902.738488
2020-03-06T12:46:10.475035078-05:00,9069.2,47900.886067
2020-03-06T12:46:20.628956306-05:00,9069.19,47901.372627
2020-03-06T12:46:30.888806724-05:00,9069.14,47904.206127
2020-03-06T12:46:41.050047996-05:00,9069.19,47904.031456
2020-03-06T12:46:51.206303556-05:00,9067,47893.584658
2020-03-06T12:47:01.577738077-05:00,9066,47892.994877
2020-03-06T12:47:11.731943904-05:00,9060.33,47947.469655
2020-03-06T12:47:21.912793554-05:00,9059.36,47948.164031
2020-03-06T12:47:32.173493841-05:00,9057.69,47944.761682
2020-03-06T12:47:42.548646457-05:00,9058.32,47946.78095
2020-03-06T12:47:52.698576094-05:00,9058.94,47945.750024
2020-03-06T12:48:02.853726844-05:00,9057.19,47947.211969
2020-03-06T12:48:13.220937062-05:00,9058,47948.511177
2020-03-06T12:48:23.48179009-05:00,9058.39,47950.127725
2020-03-06T12:48:33.864048474-05:00,9058.01,47949.202028
2020-03-06T12:48:44.015533553-05:00,9057.93,47951.440425
2020-03-06T12:48:54.168433923-05:00,9057.55,47950.717001
2020-03-06T12:49:04.543980837-05:00,9056.14,47949.973193
2020-03-06T12:49:14.699700487-05:00,9057.56,47946.82889
2020-03-06T12:49:24.851356686-05:00,9056.88,47946.220591
2020-03-06T12:49:35.002401087-05:00,9062.04,47950.881623
2020-03-06T12:49:45.373356452-05:00,9061.69,47947.954467
2020-03-06T12:49:55.748043-05:00,9060.83,47939.526419
2020-03-06T12:50:05.900365987-05:00,9060.61,47941.9781
2020-03-06T12:50:16.053223597-05:00,9057.7,47938.768323
2020-03-06T12:50:26.203675233-05:00,9056.97,47935.633138
2020-03-06T12:50:36.361952054-05:00,9060.61,47933.651985
2020-03-06T12:50:46.625936608-05:00,9060.61,47931.119528
2020-03-06T12:50:56.794374059-05:00,9060.82,47928.47328
2020-03-06T12:51:06.945612359-05:00,9068.61,47934.027509
2020-03-06T12:51:17.105981723-05:00,9068.64,47932.147561
2020-03-06T12:51:27.258258516-05:00,9068.28,47933.264032
2020-03-06T12:51:37.636109481-05:00,9068.28,47931.9246
2020-03-06T12:51:47.907148488-05:00,9068.3,47932.738306
2020-03-06T12:51:58.171202367-05:00,9065.64,47934.040235
2020-03-06T12:52:08.447052846-05:00,9065.28,47924.650754
2020-03-06T12:52:18.596961392-05:00,9065.1,47925.056217
2020-03-06T12:52:28.749802285-05:00,9065.08,47924.313435
2020-03-06T12:52:39.116766197-05:00,9065.08,47923.4136
2020-03-06T12:52:49.270532158-05:00,9065.08,47921.390103
2020-03-06T12:52:59.42623247-05:00,9064.12,47912.30023
2020-03-06T12:53:09.578012231-05:00,9066.81,47914.255256
2020-03-06T12:53:19.7473654-05:00,9066.41,47913.973135
2020-03-06T12:53:29.900845479-05:00,9065.89,47913.775496
2020-03-06T12:53:40.16249482-05:00,9063.2,47914.469428
2020-03-06T12:53:50.31244858-05:00,9064.21,47916.161442
2020-03-06T12:54:00.572814477-05:00,9063.5,47915.950376
2020-03-06T12:54:10.843093432-05:00,9064,47909.019733
2020-03-06T12:54:20.994000188-05:00,9064,47907.121365
2020-03-06T12:54:31.264443057-05:00,9065.57,47892.97207
2020-03-06T12:54:41.867929556-05:00,9066.81,47890.616397
2020-03-06T12:54:52.245312284-05:00,9068.21,47762.135557
2020-03-06T12:55:02.50573376-05:00,9068.2,47750.150516
2020-03-06T12:55:12.67249285-05:00,9069.2,47769.895248
2020-03-06T12:55:23.047644639-05:00,9069.2,47788.35883
2020-03-06T12:55:33.312982261-05:00,9073.47,47794.934398
2020-03-06T12:55:43.575828127-05:00,9073.56,47797.975897
2020-03-06T12:55:53.732463401-05:00,9071.37,47798.452852
2020-03-06T12:56:03.883489436-05:00,9068.07,47795.549544
2020-03-06T12:56:14.035657323-05:00,9066.7,47794.988108
2020-03-06T12:56:24.187116877-05:00,9067.43,47793.50601
2020-03-06T12:56:34.337619508-05:00,9068.08,47792.975643
2020-03-06T12:56:44.710341913-05:00,9067.03,47792.413384
2020-03-06T12:56:54.966998747-05:00,9068.23,47793.409533
2020-03-06T12:57:05.234080494-05:00,9069.86,47794.251801
2020-03-06T12:57:15.38770944-05:00,9071.38,47793.656342
2020-03-06T12:57:25.537460734-05:00,9071.38,47774.907213
2020-03-06T12:57:35.908468464-05:00,9068.11,47776.47589
2020-03-06T12:57:46.068341145-05:00,9068.34,47776.112447
2020-03-06T12:57:56.324061623-05:00,9068.56,47774.980364
2020-03-06T12:58:06.708830018-05:00,9068.12,47773.962369
2020-03-06T12:58:17.079190745-05:00,9067.32,47773.838536
2020-03-06T12:58:27.336203276-05:00,9068.03,47769.990595
2020-03-06T12:58:37.492019922-05:00,9067.86,47764.988629
2020-03-06T12:58:47.643369345-05:00,9070.75,47764.629294
2020-03-06T12:58:57.914082439-05:00,9070.23,47763.657553
2020-03-06T12:59:08.288224786-05:00,9070.71,47761.367938
2020-03-06T12:59:18.550780637-05:00,9071.73,47763.754601
2020-03-06T12:59:28.713584866-05:00,9072.61,47755.531183
2020-03-06T12:59:38.882049383-05:00,9072.94,47760.287513
2020-03-06T12:59:49.033071373-05:00,9073.92,47758.739668
2020-03-06T12:59:59.294917402-05:00,9073.92,47763.094842
2020-03-06T13:00:09.557150094-05:00,9073.09,47764.596091
2020-03-06T13:00:19.711475584-05:00,9073.42,47765.840531
2020-03-06T13:00:29.874944587-05:00,9073.21,47761.65389
2020-03-06T13:00:40.032177137-05:00,9073.62,47775.354396
2020-03-06T13:00:50.18599433-05:00,9072,47778.308452
2020-03-06T13:01:00.450556094-05:00,9072.08,47767.751776
2020-03-06T13:01:10.604234103-05:00,9068.5,47775.467433
2020-03-06T13:01:20.756765094-05:00,9070.93,47776.264528
2020-03-06T13:01:30.907504715-05:00,9070.01,47768.678578
2020-03-06T13:01:41.058748419-05:00,9068.86,47771.05532
2020-03-06T13:01:51.210314505-05:00,9068.51,47771.459537
2020-03-06T13:02:01.474505918-05:00,9068.79,47771.722541
2020-03-06T13:02:11.633194754-05:00,9068.18,47775.935895
2020-03-06T13:02:21.789945172-05:00,9068.22,47776.799192
2020-03-06T13:02:32.166861027-05:00,9067.97,47778.274211
2020-03-06T13:02:42.540970713-05:00,9066.68,47780.470125
2020-03-06T13:02:52.693523257-05:00,9066,47779.518312
2020-03-06T13:03:03.069056002-05:00,9066.19,47779.477058
2020-03-06T13:03:13.331112141-05:00,9066.3,47779.209145
2020-03-06T13:03:23.938214964-05:00,9064.53,47779.166137
2020-03-06T13:03:34.200097913-05:00,9065.71,47777.916975
2020-03-06T13:03:44.468542435-05:00,9065.46,47775.857758
2020-03-06T13:03:54.858409166-05:00,9066.69,47774.325112
2020-03-06T13:04:05.017555551-05:00,9064.94,47765.403068
2020-03-06T13:04:15.16967725-05:00,9066.93,47764.304061
2020-03-06T13:04:25.433681291-05:00,9066.97,47763.23592
2020-03-06T13:04:35.58425696-05:00,9069,47764.485318
2020-03-06T13:04:45.845579858-05:00,9070.12,47763.437027
2020-03-06T13:04:56.224948062-05:00,9070.01,47762.162016
2020-03-06T13:05:06.492097864-05:00,9074.07,47769.314142
2020-03-06T13:05:16.645097395-05:00,9075.22,47775.726994
2020-03-06T13:05:26.918035962-05:00,9075.28,47767.61195
2020-03-06T13:05:37.178107201-05:00,9075.6,47767.708315
2020-03-06T13:05:47.333740126-05:00,9076.68,47768.302752
2020-03-06T13:05:57.490134234-05:00,9075.59,47768.091704
2020-03-06T13:06:07.862648732-05:00,9077.66,47765.794972
2020-03-06T13:06:18.124909026-05:00,9077.77,47762.82896
2020-03-06T13:06:28.275078226-05:00,9074.21,47765.836484
2020-03-06T13:06:38.428069868-05:00,9074.81,47760.039951
2020-03-06T13:06:48.584390805-05:00,9074.24,47758.755498
2020-03-06T13:06:58.73538671-05:00,9075.3,47757.742184
2020-03-06T13:07:08.889649743-05:00,9075.65,47755.531733
2020-03-06T13:07:19.152712053-05:00,9075.14,47746.19477
2020-03-06T13:07:29.304685387-05:00,9071.69,47738.409393
2020-03-06T13:07:39.457305826-05:00,9070.31,47737.513757
2020-03-06T13:07:49.613026748-05:00,9070.85,47735.405431
2020-03-06T13:08:00.212298167-05:00,9070.78,47732.459378
2020-03-06T13:08:10.813689764-05:00,9070.76,47729.705251
2020-03-06T13:08:20.968799322-05:00,9070.98,47728.186574
2020-03-06T13:08:31.120395858-05:00,9070.7,47727.869501
2020-03-06T13:08:41.380784401-05:00,9070.71,47726.942948
2020-03-06T13:08:51.531204313-05:00,9075,47722.534081
2020-03-06T13:09:01.904857025-05:00,9074.97,47715.644325
2020-03-06T13:09:12.162996183-05:00,9074.91,47715.049928
2020-03-06T13:09:22.420991827-05:00,9074.92,47714.529516
2020-03-06T13:09:32.795017398-05:00,9075,47704.018279
2020-03-06T13:09:42.948780682-05:00,9075.34,47701.930257
2020-03-06T13:09:53.314242838-05:00,9075.43,47697.505102
2020-03-06T13:10:03.465845066-05:00,9075.04,47683.742766
2020-03-06T13:10:13.618482768-05:00,9072.94,47685.019807
2020-03-06T13:10:23.882186846-05:00,9074.67,47685.277517
2020-03-06T13:10:34.145495689-05:00,9076.33,47686.969209
2020-03-06T13:10:44.406656436-05:00,9075.46,47678.318297
2020-03-06T13:10:54.667432067-05:00,9075.06,47677.663722
2020-03-06T13:11:04.828680101-05:00,9074.01,47676.987716
2020-03-06T13:11:15.095864688-05:00,9073.97,47655.833586
2020-03-06T13:11:25.365835179-05:00,9072.98,47655.410731
2020-03-06T13:11:35.644645561-05:00,9072.24,47655.645124
2020-03-06T13:11:45.905385462-05:00,9073.36,47649.470669
2020-03-06T13:11:56.058088611-05:00,9072.61,47650.266085
2020-03-06T13:12:06.211388525-05:00,9071.91,47649.042772
2020-03-06T13:12:16.363932871-05:00,9071.92,47650.287057
2020-03-06T13:12:26.516412762-05:00,9072.8,47644.905647
2020-03-06T13:12:36.666347019-05:00,9072.93,47624.952007
2020-03-06T13:12:46.817501127-05:00,9072.87,47625.787397
2020-03-06T13:12:56.967845402-05:00,9076.02,47611.62613
2020-03-06T13:13:07.339346487-05:00,9077,47611.070971
2020-03-06T13:13:17.600330808-05:00,9076.63,47610.948467
2020-03-06T13:13:27.974380665-05:00,9077.3,47601.644959
2020-03-06T13:13:38.132169031-05:00,9077.07,47597.410045
2020-03-06T13:13:48.292777227-05:00,9077.07,47595.941134
2020-03-06T13:13:58.454860289-05:00,9078.4,47618.079286
2020-03-06T13:14:08.608055059-05:00,9078.24,47616.919426
2020-03-06T13:14:18.76001041-05:00,9078.34,47616.124703
2020-03-06T13:14:28.913062331-05:00,9074.91,47620.859952
2020-03-06T13:14:39.070440252-05:00,9074.85,47621.495002
2020-03-06T13:14:49.226001819-05:00,9074.85,47622.433784
2020-03-06T13:14:59.380664908-05:00,9072.09,47626.018824
2020-03-06T13:15:09.537714273-05:00,9072.32,47624.060075
2020-03-06T13:15:19.799549753-05:00,9073.53,47607.090219
2020-03-06T13:15:30.063226207-05:00,9070.24,47607.230815
2020-03-06T13:15:40.214589401-05:00,9070.22,47606.680267
2020-03-06T13:15:50.379007915-05:00,9070.46,47609.98205
2020-03-06T13:16:00.531725956-05:00,9071.16,47608.090814
2020-03-06T13:16:10.791214041-05:00,9071.85,47608.458846
2020-03-06T13:16:20.942467678-05:00,9070.51,47606.365358
2020-03-06T13:16:31.203424168-05:00,9070.59,47584.399604
2020-03-06T13:16:41.354486769-05:00,9070.58,47580.439179
2020-03-06T13:16:51.505435489-05:00,9070.5,47578.422811
2020-03-06T13:17:01.659736164-05:00,9070.18,47579.714825
2020-03-06T13:17:12.264001839-05:00,9070.22,47578.71909
2020-03-06T13:17:22.523977813-05:00,9070.5,47573.288583
2020-03-06T13:17:32.674980807-05:00,9070.38,47571.311952
2020-03-06T13:17:42.827031343-05:00,9070.35,47571.797908
2020-03-06T13:17:52.978577869-05:00,9070.18,47564.377
2020-03-06T13:18:03.34982843-05:00,9069.52,47566.049062
2020-03-06T13:18:13.500135532-05:00,9069.2,47565.532653
2020-03-06T13:18:23.652915705-05:00,9069.52,47566.185427
2020-03-06T13:18:33.809400033-05:00,9069.4,47562.148429
2020-03-06T13:18:43.962239426-05:00,9069.5,47558.942892
2020-03-06T13:18:54.224045713-05:00,9069.19,47560.311786
2020-03-06T13:19:04.489772786-05:00,9067.76,47562.536914
2020-03-06T13:19:14.650016318-05:00,9069.03,47564.437628
2020-03-06T13:19:24.80302585-05:00,9065.02,47564.511847
2020-03-06T13:19:34.957066985-05:00,9065.09,47567.70443
2020-03-06T13:19:45.111524834-05:00,9065.55,47571.361926
2020-03-06T13:19:55.26550811-05:00,9065.85,47573.067555
2020-03-06T13:20:05.524279216-05:00,9064.99,47560.166576
2020-03-06T13:20:15.782554208-05:00,9064.45,47560.216886
2020-03-06T13:20:26.156492494-05:00,9064.59,47561.532634
2020-03-06T13:20:36.317745846-05:00,9064.2,47566.600048
2020-03-06T13:20:46.472866668-05:00,9064.41,47565.500944
2020-03-06T13:20:56.623652589-05:00,9064.91,47565.606149
2020-03-06T13:21:06.777356154-05:00,9065.45,47571.146156
2020-03-06T13:21:16.929345183-05:00,9064.26,47452.448156
2020-03-06T13:21:27.080103178-05:00,9064.2,47436.801705
2020-03-06T13:21:37.351525794-05:00,9064.94,47431.849337
2020-03-06T13:21:47.530975448-05:00,9065.41,47430.624971
2020-03-06T13:21:57.691707718-05:00,9064.2,47428.272628
2020-03-06T13:22:07.843568728-05:00,9064.2,47428.146412
2020-03-06T13:22:18.00461012-05:00,9061.24,47522.092116
2020-03-06T13:22:28.266246349-05:00,9060.86,47516.482022
2020-03-06T13:22:38.417452415-05:00,9059.78,47501.301763
2020-03-06T13:22:48.795185723-05:00,9059.73,47499.835516
2020-03-06T13:22:58.947352142-05:00,9060.69,47501.351247
2020-03-06T13:23:09.107343389-05:00,9058.23,47512.640221
2020-03-06T13:23:19.25744565-05:00,9058,47514.528355
2020-03-06T13:23:29.413785199-05:00,9059.65,47515.975044
2020-03-06T13:23:39.565758904-05:00,9058.62,47517.256368
2020-03-06T13:23:49.82342494-05:00,9058.82,47517.384184
2020-03-06T13:23:59.985635376-05:00,9059.49,47525.59402
2020-03-06T13:24:10.137700756-05:00,9064.04,47527.10028
2020-03-06T13:24:20.292295443-05:00,9062.78,47514.84367
2020-03-06T13:24:30.455837702-05:00,9062.78,47516.580534
2020-03-06T13:24:40.721656712-05:00,9060.51,47517.909416
2020-03-06T13:24:50.870526637-05:00,9059.33,47516.353847
2020-03-06T13:25:01.02393389-05:00,9059.43,47512.440621
2020-03-06T13:25:11.175114602-05:00,9065.72,47484.536741
2020-03-06T13:25:21.545160539-05:00,9064.39,47482.180419
2020-03-06T13:25:31.701031948-05:00,9063.74,47476.873773
2020-03-06T13:25:41.854744907-05:00,9063.69,47470.564649
2020-03-06T13:25:52.125904928-05:00,9063.92,47468.749616
2020-03-06T13:26:02.277374497-05:00,9063.64,47456.723164
2020-03-06T13:26:12.540474197-05:00,9060.5,47457.257352
2020-03-06T13:26:22.691049648-05:00,9060.16,47453.957092
2020-03-06T13:26:32.843234631-05:00,9061.78,47445.593809
2020-03-06T13:26:43.215162828-05:00,9061.74,47446.481483
2020-03-06T13:26:53.364910898-05:00,9061.68,47446.43779
2020-03-06T13:27:03.518142249-05:00,9061.68,47439.970098
2020-03-06T13:27:13.670319916-05:00,9061.78,47457.218835
2020-03-06T13:27:23.933479985-05:00,9061.42,47457.931302
2020-03-06T13:27:34.199916405-05:00,9059.39,47459.911573
2020-03-06T13:27:44.461333263-05:00,9059.81,47459.793142
2020-03-06T13:27:54.840064618-05:00,9059.31,47458.532441
2020-03-06T13:28:04.992703239-05:00,9059.24,47452.159106
2020-03-06T13:28:15.143527087-05:00,9059.03,47452.313795
2020-03-06T13:28:25.402209995-05:00,9063.85,47457.404208
2020-03-06T13:28:35.661528443-05:00,9063.22,47461.203811
2020-03-06T13:28:45.816263256-05:00,9061.51,47460.712657
2020-03-06T13:28:55.976825377-05:00,9061.63,47461.895599
2020-03-06T13:29:06.358111707-05:00,9061.9,47454.942786
2020-03-06T13:29:16.617524795-05:00,9061.65,47445.887933
2020-03-06T13:29:26.881975442-05:00,9061,47446.726898
2020-03-06T13:29:37.036957942-05:00,9060.98,47445.710845
2020-03-06T13:29:47.190909902-05:00,9061,47452.852607
2020-03-06T13:29:57.571285438-05:00,9060.93,47450.822033
2020-03-06T13:30:07.95063234-05:00,9068.75,47454.265349
2020-03-06T13:30:18.326554802-05:00,9067,47454.174107
2020-03-06T13:30:28.489834034-05:00,9066.98,47450.587791
2020-03-06T13:30:38.638913297-05:00,9066.96,47446.596258
2020-03-06T13:30:48.910915082-05:00,9067,47446.074005
2020-03-06T13:30:59.059878871-05:00,9067,47446.609665
2020-03-06T13:31:09.438425089-05:00,9067.67,47449.127784
2020-03-06T13:31:19.596356531-05:00,9067.8,47427.213783
2020-03-06T13:31:29.748932991-05:00,9067.64,47428.456848
2020-03-06T13:31:39.911521769-05:00,9067.63,47429.258726
2020-03-06T13:31:50.06690967-05:00,9067.64,47425.896585
2020-03-06T13:32:00.219545589-05:00,9069.36,47427.404949
2020-03-06T13:32:10.371461372-05:00,9070.51,47425.970076
2020-03-06T13:32:20.522772315-05:00,9069.85,47427.577709
2020-03-06T13:32:30.672378948-05:00,9069.87,47426.173723
2020-03-06T13:32:40.838233567-05:00,9069.87,47426.697553
2020-03-06T13:32:51.097178076-05:00,9069.87,47426.937221
2020-03-06T13:33:01.24834302-05:00,9069.88,47426.785241
2020-03-06T13:33:11.401569451-05:00,9070.93,47380.807392
2020-03-06T13:33:21.554486514-05:00,9069.99,47371.663506
2020-03-06T13:33:31.711458789-05:00,9067,47369.725863
2020-03-06T13:33:41.862593991-05:00,9067.02,47365.606733
2020-03-06T13:33:52.021630552-05:00,9067.03,47363.668136
2020-03-06T13:34:02.188693071-05:00,9068.21,47361.925839
2020-03-06T13:34:12.341489029-05:00,9067.74,47361.403914
2020-03-06T13:34:22.495635382-05:00,9067.72,47360.686117
2020-03-06T13:34:32.653682849-05:00,9068.19,47357.859868
2020-03-06T13:34:42.810377617-05:00,9067.85,47355.442265
2020-03-06T13:34:52.966734473-05:00,9068.23,47352.999094
2020-03-06T13:35:03.13031004-05:00,9069.14,47362.233014
2020-03-06T13:35:13.28602783-05:00,9067.99,47365.581242
2020-03-06T13:35:23.44032-05:00,9065.07,47372.274296
2020-03-06T13:35:33.592198689-05:00,9064.92,47372.411573
2020-03-06T13:35:43.856251162-05:00,9065.43,47375.23631
2020-03-06T13:35:54.018449342-05:00,9065.48,47368.284959
2020-03-06T13:36:04.181253767-05:00,9065.77,47365.481634
2020-03-06T13:36:14.799943515-05:00,9070.79,47364.82625
2020-03-06T13:36:24.952227912-05:00,9070.64,47363.566587
2020-03-06T13:36:35.10668053-05:00,9070.56,47361.808875
2020-03-06T13:36:45.259926495-05:00,9069.78,47362.332874
2020-03-06T13:36:55.410971824-05:00,9069.78,47365.239826
2020-03-06T13:37:05.673926975-05:00,9069.68,47366.739559
2020-03-06T13:37:16.052018302-05:00,9070.07,47366.886343
2020-03-06T13:37:26.201644121-05:00,9069.51,47362.415317
2020-03-06T13:37:36.353384326-05:00,9068.19,47361.456716
2020-03-06T13:37:46.510936111-05:00,9067.98,47362.338416
2020-03-06T13:37:56.884272613-05:00,9068.54,47356.107648
2020-03-06T13:38:07.041903422-05:00,9069,47348.870775
2020-03-06T13:38:17.200547942-05:00,9068.22,47346.804903
2020-03-06T13:38:27.354910703-05:00,9069.36,47344.586099
2020-03-06T13:38:37.539003459-05:00,9068.68,47342.494585
2020-03-06T13:38:47.690577895-05:00,9068.08,47341.440039
2020-03-06T13:38:58.290134365-05:00,9069.29,47338.998641
2020-03-06T13:39:08.443175194-05:00,9068.46,47340.736627
2020-03-06T13:39:18.600798506-05:00,9069.55,47337.673126
2020-03-06T13:39:28.972272066-05:00,9069.06,47337.764774
2020-03-06T13:39:39.123775553-05:00,9068.87,47336.662005
2020-03-06T13:39:49.276802972-05:00,9067.79,47335.763351
2020-03-06T13:39:59.42993477-05:00,9067.33,47336.339906
2020-03-06T13:40:09.579722824-05:00,9068.22,47339.182954
2020-03-06T13:40:19.747807395-05:00,9069.58,47341.157586
2020-03-06T13:40:29.910954277-05:00,9066.81,47349.133873
2020-03-06T13:40:40.173069416-05:00,9066.55,47350.447939
2020-03-06T13:40:50.324151462-05:00,9070.93,47347.857299
2020-03-06T13:41:00.707765879-05:00,9071.36,47344.037509
2020-03-06T13:41:10.9703271-05:00,9069.64,47341.446302
2020-03-06T13:41:21.235918176-05:00,9069.71,47316.121962
2020-03-06T13:41:31.388209681-05:00,9068.94,47209.043974
2020-03-06T13:41:41.538736032-05:00,9068.99,47211.669031
2020-03-06T13:41:51.689164-05:00,9069.54,47211.602698
2020-03-06T13:42:01.851298711-05:00,9069.98,47216.834893
2020-03-06T13:42:12.006806161-05:00,9069.49,47212.283114
2020-03-06T13:42:22.156112697-05:00,9071.46,47208.539776
2020-03-06T13:42:32.330527018-05:00,9071.13,47203.852509
2020-03-06T13:42:42.92414766-05:00,9073.67,47203.585303
2020-03-06T13:42:53.185554761-05:00,9074,47200.101853
2020-03-06T13:43:03.336354298-05:00,9071.57,47203.062601
2020-03-06T13:43:13.49473514-05:00,9071.93,47200.929136
2020-03-06T13:43:23.649445346-05:00,9072.31,47198.934152
2020-03-06T13:43:33.80043113-05:00,9073.3,47197.011012
2020-03-06T13:43:43.955762474-05:00,9073.43,47194.106529
2020-03-06T13:43:54.115605131-05:00,9073.99,47189.278844
2020-03-06T13:44:04.273629626-05:00,9073.01,47186.641877
2020-03-06T13:44:14.42699534-05:00,9073.99,47183.154416
2020-03-06T13:44:24.586082188-05:00,9073.93,47184.221097
2020-03-06T13:44:34.743366095-05:00,9073.25,47180.878177
2020-03-06T13:44:44.896962183-05:00,9072.19,47180.286074
2020-03-06T13:44:55.157051467-05:00,9073.63,47178.556035
2020-03-06T13:45:05.424714424-05:00,9071.72,47177.453301
2020-03-06T13:45:15.579722704-05:00,9071.94,47175.938532
2020-03-06T13:45:25.736045968-05:00,9071.75,47174.008318
2020-03-06T13:45:35.888186112-05:00,9071.76,47155.595627
2020-03-06T13:45:46.039065168-05:00,9071.57,47152.523484
2020-03-06T13:45:56.415468609-05:00,9071.19,47146.851858
2020-03-06T13:46:06.570483915-05:00,9070.55,47151.867158
2020-03-06T13:46:16.727392994-05:00,9070.1,47150.093133
2020-03-06T13:46:26.883609259-05:00,9071.6,47146.655191
2020-03-06T13:46:37.150880146-05:00,9071.83,47140.700536
2020-03-06T13:46:47.52374892-05:00,9070.41,47132.979164
2020-03-06T13:46:57.789160132-05:00,9071.16,47133.625106
2020-03-06T13:47:08.161980587-05:00,9070.07,47122.784997
2020-03-06T13:47:18.311765127-05:00,9070.2,47123.767593
2020-03-06T13:47:28.475698984-05:00,9070.15,47120.681906
2020-03-06T13:47:38.630332133-05:00,9070.14,47114.991585
2020-03-06T13:47:49.008400307-05:00,9069.51,47114.052737
2020-03-06T13:47:59.157727173-05:00,9069.52,47112.188161
2020-03-06T13:48:09.316945303-05:00,9069.53,47110.938574
2020-03-06T13:48:19.467370067-05:00,9069.55,47110.557942
2020-03-06T13:48:29.619629322-05:00,9070.33,47114.134629
2020-03-06T13:48:39.775921851-05:00,9070.36,47113.3395
2020-03-06T13:48:49.929221752-05:00,9070.36,47112.202542
2020-03-06T13:49:00.08586857-05:00,9070.73,47112.143759
2020-03-06T13:49:10.355820199-05:00,9071.48,47112.456221
2020-03-06T13:49:20.739629207-05:00,9070.14,47112.256429
2020-03-06T13:49:30.890289859-05:00,9071.81,47113.994051
2020-03-06T13:49:41.262572944-05:00,9072.39,47104.499741
2020-03-06T13:49:51.416879187-05:00,9075.78,47109.993421
2020-03-06T13:50:01.681387817-05:00,9074.62,47110.347407
2020-03-06T13:50:11.943586223-05:00,9074.73,47104.595796
2020-03-06T13:50:22.324764654-05:00,9076.06,47125.471318
2020-03-06T13:50:32.479493668-05:00,9075.72,47121.062008
2020-03-06T13:50:42.852066051-05:00,9072.96,47120.496268
2020-03-06T13:50:53.004696983-05:00,9072.86,47120.075582
2020-03-06T13:51:03.163631701-05:00,9072.62,47116.620067
2020-03-06T13:51:13.535843406-05:00,9073.89,47116.084319
2020-03-06T13:51:23.793043687-05:00,9074.35,47113.399365
2020-03-06T13:51:34.054732961-05:00,9076.81,47111.406645
2020-03-06T13:51:44.211221082-05:00,9075.69,47110.537866
2020-03-06T13:51:54.472368347-05:00,9075.92,47108.716897
2020-03-06T13:52:04.848473933-05:00,9076.44,47101.708473
2020-03-06T13:52:15.017498577-05:00,9077.67,47102.154127
2020-03-06T13:52:25.170637656-05:00,9078.03,47103.62852
2020-03-06T13:52:35.32535295-05:00,9078.06,47103.635822
2020-03-06T13:52:45.93048873-05:00,9078.22,47103.324309
2020-03-06T13:52:56.205038095-05:00,9078.07,47101.319962
2020-03-06T13:53:06.360611552-05:00,9078.11,47104.036005
2020-03-06T13:53:16.513313681-05:00,9077.93,47104.06875
2020-03-06T13:53:26.790484928-05:00,9077.94,47100.610329
2020-03-06T13:53:36.941829685-05:00,9078.18,47096.444084
2020-03-06T13:53:47.322320616-05:00,9078.04,47087.969172
2020-03-06T13:53:57.479659171-05:00,9078.05,47086.640544
2020-03-06T13:54:07.740387115-05:00,9078.05,47084.759566
2020-03-06T13:54:18.007417009-05:00,9078.24,47083.585173
2020-03-06T13:54:28.269702916-05:00,9078.18,47083.696966
2020-03-06T13:54:38.42291312-05:00,9074.79,47091.483588
2020-03-06T13:54:48.576633666-05:00,9069.01,47107.152192
2020-03-06T13:54:58.733569436-05:00,9068.7,47107.329925
2020-03-06T13:55:08.885977509-05:00,9068.67,47105.873689
2020-03-06T13:55:19.037673173-05:00,9067.22,47103.23682
2020-03-06T13:55:29.201316611-05:00,9065.49,47107.250289
2020-03-06T13:55:39.574431062-05:00,9065.73,47107.781047
2020-03-06T13:55:49.727628937-05:00,9068.13,47104.858166
2020-03-06T13:55:59.880174414-05:00,9068.02,47105.9109
2020-03-06T13:56:10.031947469-05:00,9067.9,47106.494609
2020-03-06T13:56:20.194615361-05:00,9065.3,47109.237342
2020-03-06T13:56:30.346733608-05:00,9065.6,47110.348692
2020-03-06T13:56:40.496144365-05:00,9065.12,47100.778651
2020-03-06T13:56:50.869881651-05:00,9064.85,47098.618514
2020-03-06T13:57:01.256308735-05:00,9064.85,47098.824272
2020-03-06T13:57:11.629877054-05:00,9064.76,47098.869663
2020-03-06T13:57:21.893655368-05:00,9064.92,47100.457882
2020-03-06T13:57:32.49460306-05:00,9064.86,47101.028864
2020-03-06T13:57:42.659297369-05:00,9064.91,47102.109473
2020-03-06T13:57:52.816810913-05:00,9066.88,47101.738885
2020-03-06T13:58:02.972850958-05:00,9067.01,47100.745812
2020-03-06T13:58:13.122983529-05:00,9066.57,47099.965832
2020-03-06T13:58:23.273834276-05:00,9066.67,47101.046848
2020-03-06T13:58:33.431258723-05:00,9067.2,47101.11626
2020-03-06T13:58:43.583173346-05:00,9067.83,47097.662495
2020-03-06T13:58:53.738645487-05:00,9066.37,47097.492558
2020-03-06T13:59:03.891521259-05:00,9065.91,47098.41619
2020-03-06T13:59:14.044531838-05:00,9066.04,47096.854565
2020-03-06T13:59:24.196455436-05:00,9065.4,47097.497089
2020-03-06T13:59:34.458312051-05:00,9065.92,47096.433158
2020-03-06T13:59:44.608901611-05:00,9064.84,47097.501197
2020-03-06T13:59:54.76648538-05:00,9064.71,47097.379049
2020-03-06T14:00:05.141182663-05:00,9065,47097.227148
2020-03-06T14:00:15.516028483-05:00,9066.01,47093.057973
2020-03-06T14:00:25.666901643-05:00,9064.77,47090.413361
2020-03-06T14:00:36.036181619-05:00,9064.67,47089.054872
2020-03-06T14:00:46.192436888-05:00,9065.95,47086.124269
2020-03-06T14:00:56.45442129-05:00,9063.96,47086.477927
2020-03-06T14:01:06.606537426-05:00,9064.42,47087.424062
2020-03-06T14:01:16.870511251-05:00,9063.36,47089.782372
2020-03-06T14:01:27.041343932-05:00,9063.22,47090.620341
2020-03-06T14:01:37.191293273-05:00,9063.09,47088.773236
2020-03-06T14:01:47.347598441-05:00,9065.31,47083.359562
2020-03-06T14:01:57.725806489-05:00,9062.85,47081.461639
2020-03-06T14:02:07.877145828-05:00,9062.35,47079.335988
2020-03-06T14:02:18.036807042-05:00,9062.56,47079.226494
2020-03-06T14:02:28.316868061-05:00,9061.89,47080.653406
2020-03-06T14:02:38.475125824-05:00,9062,47080.466372
2020-03-06T14:02:48.625759466-05:00,9061.03,47088.99653
2020-03-06T14:02:59.240358986-05:00,9067.84,47093.69554
2020-03-06T14:03:09.393689271-05:00,9067.33,47094.214305
2020-03-06T14:03:19.5441521-05:00,9067.94,47094.832834
2020-03-06T14:03:29.699974304-05:00,9067.99,47093.314686
2020-03-06T14:03:39.852661956-05:00,9068,47092.484328
2020-03-06T14:03:50.116753017-05:00,9067.8,47093.297449
2020-03-06T14:04:00.278521864-05:00,9069.16,47094.71691
2020-03-06T14:04:10.650022116-05:00,9074.39,47096.158262
2020-03-06T14:04:20.916389686-05:00,9074,47101.085574
2020-03-06T14:04:31.072777946-05:00,9073.56,47097.947889
2020-03-06T14:04:41.223208107-05:00,9070.45,47109.257045
2020-03-06T14:04:51.375387309-05:00,9070,47109.488631
2020-03-06T14:05:01.748456346-05:00,9071.66,47109.018477
2020-03-06T14:05:11.899814592-05:00,9071.6,47108.958842
2020-03-06T14:05:22.050672865-05:00,9071.88,47109.088138
2020-03-06T14:05:32.200447567-05:00,9073.16,47107.808117
2020-03-06T14:05:42.792382958-05:00,9071.55,47108.480467
2020-03-06T14:05:53.052615543-05:00,9071.55,47107.941141
2020-03-06T14:06:03.20359196-05:00,9072.2,47107.111692
2020-03-06T14:06:13.354841389-05:00,9072.22,47104.563696
2020-03-06T14:06:23.524929633-05:00,9072.49,47105.416242
2020-03-06T14:06:33.68235999-05:00,9071.63,47104.354631
2020-03-06T14:06:43.960613153-05:00,9072.07,47102.701454
2020-03-06T14:06:54.114474832-05:00,9073.26,47101.455836
2020-03-06T14:07:04.265226617-05:00,9071.41,47106.854704
2020-03-06T14:07:14.418339703-05:00,9070.7,47107.517481
2020-03-06T14:07:24.571368424-05:00,9070.56,47109.507385
2020-03-06T14:07:34.951122478-05:00,9069.04,47110.2046
2020-03-06T14:07:45.340381398-05:00,9068.73,47111.023124
2020-03-06T14:07:55.951787887-05:00,9068.2,47113.085132
2020-03-06T14:08:06.321802241-05:00,9064.35,47129.001934
2020-03-06T14:08:16.474318943-05:00,9066.1,47131.635511
2020-03-06T14:08:26.628192238-05:00,9065.89,47133.055356
2020-03-06T14:08:36.779426032-05:00,9065.01,47132.217417
2020-03-06T14:08:46.932226933-05:00,9065.02,47131.292749
2020-03-06T14:08:57.086260377-05:00,9065,47133.254758
2020-03-06T14:09:07.236359011-05:00,9063.88,47135.651464
2020-03-06T14:09:17.607247575-05:00,9064.21,47135.979925
2020-03-06T14:09:27.992159465-05:00,9063.7,47133.274696
2020-03-06T14:09:38.59432408-05:00,9064.03,47134.227753
2020-03-06T14:09:48.967420688-05:00,9066.28,47136.833657
2020-03-06T14:09:59.230452387-05:00,9066.78,47137.33228
2020-03-06T14:10:09.604556383-05:00,9067.63,47136.907517
2020-03-06T14:10:19.978830979-05:00,9067.63,47135.671272
2020-03-06T14:10:30.354346127-05:00,9066.59,47134.630008
2020-03-06T14:10:40.614289612-05:00,9067,47132.804508
2020-03-06T14:10:50.766808611-05:00,9067.18,47133.314805
2020-03-06T14:11:01.032154853-05:00,9063.64,47132.980072
2020-03-06T14:11:11.306172216-05:00,9063.78,47127.31823
2020-03-06T14:11:21.90160381-05:00,9063.84,47129.415124
2020-03-06T14:11:32.171222089-05:00,9064.67,47130.088999
2020-03-06T14:11:42.431804357-05:00,9064.86,47130.446397
2020-03-06T14:11:52.692208496-05:00,9063.1,47129.265755
2020-03-06T14:12:03.292490564-05:00,9062.97,47128.337874
2020-03-06T14:12:13.447391172-05:00,9062.8,47129.475524
2020-03-06T14:12:24.046695229-05:00,9063.15,47129.427483
2020-03-06T14:12:34.419226943-05:00,9062.99,47128.825368
2020-03-06T14:12:44.679660012-05:00,9062.59,47131.511243
2020-03-06T14:12:55.067443208-05:00,9062.15,47132.042509
2020-03-06T14:13:05.436594134-05:00,9062.07,47132.674914
2020-03-06T14:13:16.300775708-05:00,9061.42,47132.932335
2020-03-06T14:13:26.563436522-05:00,9061.69,47132.481913
2020-03-06T14:13:36.82878762-05:00,9062,47132.537835
2020-03-06T14:13:47.427323855-05:00,9061,47131.817057
2020-03-06T14:13:57.688312236-05:00,9061,47133.39411
2020-03-06T14:14:07.837719532-05:00,9060.73,47125.896187
2020-03-06T14:14:17.990245382-05:00,9060.93,47125.795388
2020-03-06T14:14:28.252483233-05:00,9061,47126.592876
2020-03-06T14:14:38.40355361-05:00,9060.01,47131.106451
2020-03-06T14:14:48.558279963-05:00,9060,47131.521176
2020-03-06T14:14:58.931705353-05:00,9061,47136.034966
2020-03-06T14:15:09.528934573-05:00,9060.85,47123.81624
2020-03-06T14:15:19.679155788-05:00,9066.99,47128.496561
2020-03-06T14:15:29.833326641-05:00,9066.5,47125.703983
2020-03-06T14:15:40.21737379-05:00,9064.63,47124.313261
2020-03-06T14:15:50.479023358-05:00,9064.66,47119.855798
2020-03-06T14:16:00.63741422-05:00,9066,47117.245132
2020-03-06T14:16:11.00974182-05:00,9066.01,47113.279903
2020-03-06T14:16:21.269119797-05:00,9071.45,47111.479583
2020-03-06T14:16:31.642453255-05:00,9072.38,47108.489995
2020-03-06T14:16:42.018132633-05:00,9071.35,47108.037587
2020-03-06T14:16:52.170402394-05:00,9071.06,47110.43813
2020-03-06T14:17:02.325405284-05:00,9070.17,47110.068162
2020-03-06T14:17:12.487403677-05:00,9071.27,47108.782276
2020-03-06T14:17:22.746856205-05:00,9070.53,47108.336821
2020-03-06T14:17:33.124190004-05:00,9070.61,47108.565637
2020-03-06T14:17:43.385831016-05:00,9070.92,47109.464289
2020-03-06T14:17:53.648439259-05:00,9070.96,47106.410242
2020-03-06T14:18:03.798694631-05:00,9071.7,47104.600992
2020-03-06T14:18:14.174347239-05:00,9070.5,47101.420949
2020-03-06T14:18:24.43496371-05:00,9070.5,47101.809955
2020-03-06T14:18:35.040612252-05:00,9070.99,47100.473884
2020-03-06T14:18:45.303551207-05:00,9069.64,47099.402682
2020-03-06T14:18:55.568769485-05:00,9071.78,47105.476971
2020-03-06T14:19:05.941590448-05:00,9070.8,47105.559149
2020-03-06T14:19:16.544571253-05:00,9071.03,47103.695054
2020-03-06T14:19:27.036639736-05:00,9070.67,47094.157991
2020-03-06T14:19:37.186370586-05:00,9070.56,47092.874924
2020-03-06T14:19:47.450951133-05:00,9070,47089.964527
2020-03-06T14:19:57.609618861-05:00,9068.85,47090.454402
2020-03-06T14:20:08.09367933-05:00,9069.37,47088.090208
2020-03-06T14:20:18.471684786-05:00,9069.41,47085.286486
2020-03-06T14:20:28.735729517-05:00,9069.11,47083.993647
2020-03-06T14:20:39.112046495-05:00,9069.23,47076.18131
2020-03-06T14:20:49.375022906-05:00,9069.34,47073.313873
2020-03-06T14:20:59.538332607-05:00,9067.57,47073.292828
2020-03-06T14:21:09.911965772-05:00,9068.55,47071.157014
2020-03-06T14:21:20.177145548-05:00,9067.48,47073.557372
2020-03-06T14:21:30.550042475-05:00,9067.08,47072.825582
2020-03-06T14:21:40.807434836-05:00,9067.05,47073.693188
2020-03-06T14:21:51.185341839-05:00,9066.74,47073.317728
2020-03-06T14:22:01.451452417-05:00,9067.89,47074.045232
2020-03-06T14:22:11.70869058-05:00,9068.03,47069.422926
2020-03-06T14:22:21.857971116-05:00,9067.18,47068.046041
2020-03-06T14:22:32.014137895-05:00,9066.87,47067.086136
2020-03-06T14:22:42.386583963-05:00,9067.71,47066.915935
2020-03-06T14:22:52.97834664-05:00,9067.54,47066.015947
2020-03-06T14:23:03.246158664-05:00,9067.86,47064.870252
2020-03-06T14:23:13.618826475-05:00,9067.08,47066.090762
2020-03-06T14:23:23.994840157-05:00,9067.1,47065.9254
2020-03-06T14:23:34.149654386-05:00,9067.09,47063.087933
2020-03-06T14:23:44.301727205-05:00,9070.49,47064.636908
2020-03-06T14:23:54.676385438-05:00,9070.49,47064.091727
2020-03-06T14:24:05.283405087-05:00,9076.99,47077.176533
2020-03-06T14:24:15.44565792-05:00,9077.04,47076.880722
2020-03-06T14:24:25.70539169-05:00,9076.34,47070.414187
2020-03-06T14:24:36.196556312-05:00,9076.3,47067.494491
2020-03-06T14:24:46.459566207-05:00,9076.5,47065.543871
2020-03-06T14:24:56.832469635-05:00,9073.89,47069.370723
2020-03-06T14:25:07.207726706-05:00,9074.19,47067.616011
2020-03-06T14:25:17.36167993-05:00,9074.41,47067.011733
2020-03-06T14:25:27.514159376-05:00,9073.89,47065.608875
2020-03-06T14:25:37.891327606-05:00,9073.86,47064.614618
2020-03-06T14:25:48.272864017-05:00,9074.87,47066.44978
2020-03-06T14:25:58.648178091-05:00,9074,47067.332283
2020-03-06T14:26:08.805005193-05:00,9074.28,47063.222329
2020-03-06T14:26:18.963328088-05:00,9074.4,47065.086438
2020-03-06T14:26:29.116861124-05:00,9074.98,47069.664306
2020-03-06T14:26:39.268773101-05:00,9076.53,47065.620481
2020-03-06T14:26:49.425663533-05:00,9076.55,47066.457975
2020-03-06T14:27:00.043550343-05:00,9077.87,47066.899363
2020-03-06T14:27:10.195042382-05:00,9077.37,47064.671187
2020-03-06T14:27:20.570947104-05:00,9077.98,47061.355464
2020-03-06T14:27:30.722268209-05:00,9079.28,47052.675641
2020-03-06T14:27:40.874140897-05:00,9078.04,47047.506138
2020-03-06T14:27:51.037704077-05:00,9078.77,47042.584273
2020-03-06T14:28:01.201730443-05:00,9078.55,47042.751777
2020-03-06T14:28:11.352790768-05:00,9078.97,47040.270941
2020-03-06T14:28:21.50328488-05:00,9078.98,47039.574569
2020-03-06T14:28:31.657652929-05:00,9079.45,47034.821288
2020-03-06T14:28:41.807937581-05:00,9082.92,47021.246709
2020-03-06T14:28:51.962922309-05:00,9092.19,47064.694964
2020-03-06T14:29:02.11613602-05:00,9090.46,47066.072528
2020-03-06T14:29:12.278652416-05:00,9093.32,47073.029993
2020-03-06T14:29:22.429838148-05:00,9090.5,47083.166318
2020-03-06T14:29:32.581131295-05:00,9090.78,47082.854455
2020-03-06T14:29:42.74437946-05:00,9088.02,47087.863961
2020-03-06T14:29:52.90256382-05:00,9088.62,47091.938151
2020-03-06T14:30:03.060718567-05:00,9089.64,47090.795953
2020-03-06T14:30:13.438352175-05:00,9090.06,47090.35411
2020-03-06T14:30:23.700954455-05:00,9089.61,47091.079761
2020-03-06T14:30:33.963759291-05:00,9089.6,47093.514122
2020-03-06T14:30:44.113239432-05:00,9089.55,47092.033493
2020-03-06T14:30:54.484189944-05:00,9089.8,47089.893683
2020-03-06T14:31:04.646881789-05:00,9089.46,47092.029544
2020-03-06T14:31:14.91561616-05:00,9089.93,47098.846822
2020-03-06T14:31:25.176241905-05:00,9089.56,47098.719212
2020-03-06T14:31:35.553520052-05:00,9089.53,47097.711379
2020-03-06T14:31:45.708269486-05:00,9089.41,47099.063623
2020-03-06T14:31:56.081802131-05:00,9089.99,47101.240069
2020-03-06T14:32:06.234950902-05:00,9090,47101.79146
2020-03-06T14:32:16.383755301-05:00,9089.98,47105.305006
2020-03-06T14:32:26.537430358-05:00,9091.64,47106.091996
2020-03-06T14:32:36.694236881-05:00,9091.12,47105.303367
2020-03-06T14:32:46.853347966-05:00,9091.92,47106.538914
2020-03-06T14:32:57.011356899-05:00,9092.32,47107.310611
2020-03-06T14:33:07.383219997-05:00,9091.9,47106.715112
2020-03-06T14:33:17.535737601-05:00,9092.22,47110.726926
2020-03-06T14:33:27.797077378-05:00,9092.85,47111.032426
2020-03-06T14:33:37.964732028-05:00,9091.91,47111.048133
2020-03-06T14:33:48.115019023-05:00,9092.91,47110.155029
2020-03-06T14:33:58.268282824-05:00,9093.14,47108.733374
2020-03-06T14:34:08.419346071-05:00,9094.58,47110.596895
2020-03-06T14:34:18.569056073-05:00,9097.17,47118.595341
2020-03-06T14:34:28.721087631-05:00,9093.84,47121.293913
2020-03-06T14:34:38.87439275-05:00,9094.77,47118.774703
2020-03-06T14:34:49.249475931-05:00,9095.38,47117.916894
2020-03-06T14:34:59.408040089-05:00,9095.12,47117.699664
2020-03-06T14:35:09.783390078-05:00,9093.76,47116.783996
2020-03-06T14:35:19.935997625-05:00,9093.01,47114.843693
2020-03-06T14:35:30.101740691-05:00,9092.62,47108.8932
2020-03-06T14:35:40.364514313-05:00,9092.62,47106.584381
2020-03-06T14:35:50.631654926-05:00,9092.11,47107.30426
2020-03-06T14:36:00.894447791-05:00,9087.11,47121.017189
2020-03-06T14:36:11.046006424-05:00,9090.56,47124.534738
2020-03-06T14:36:21.202583103-05:00,9090.77,47123.098353
2020-03-06T14:36:31.364181115-05:00,9091.6,47117.997999
2020-03-06T14:36:41.632786367-05:00,9090.62,47115.068914
2020-03-06T14:36:51.892635479-05:00,9090.61,47114.333349
2020-03-06T14:37:02.268107495-05:00,9090.48,47114.190025
2020-03-06T14:37:12.641773545-05:00,9089.17,47108.545633
2020-03-06T14:37:22.902162267-05:00,9089.16,47108.20508
2020-03-06T14:37:33.272705562-05:00,9088.77,47110.397874
2020-03-06T14:37:43.534700949-05:00,9089.04,47108.742288
2020-03-06T14:37:53.928189697-05:00,9089.02,47106.118264
2020-03-06T14:38:04.191687298-05:00,9094.34,47119.287743
2020-03-06T14:38:14.343978893-05:00,9097.07,47122.417618
2020-03-06T14:38:24.604713763-05:00,9096.92,47123.108027
2020-03-06T14:38:34.755405262-05:00,9095.48,47124.654351
2020-03-06T14:38:44.906734909-05:00,9097,47125.80518
2020-03-06T14:38:55.058839054-05:00,9096.9,47126.890079
2020-03-06T14:39:05.222859666-05:00,9096.87,47129.073222
2020-03-06T14:39:15.379420962-05:00,9096.98,47129.349888
2020-03-06T14:39:25.536831694-05:00,9096.71,47129.803627
2020-03-06T14:39:35.689763617-05:00,9097,47131.477822
2020-03-06T14:39:46.063238319-05:00,9097,47131.792126
2020-03-06T14:39:56.22791367-05:00,9095.04,47130.795884
2020-03-06T14:40:06.490064709-05:00,9095.01,47128.146152
2020-03-06T14:40:17.099571293-05:00,9095.02,47127.295239
2020-03-06T14:40:27.477049433-05:00,9096.65,47126.748269
2020-03-06T14:40:37.747226784-05:00,9095.05,47124.939721
2020-03-06T14:40:47.905087659-05:00,9095.54,47124.425104
2020-03-06T14:40:58.278218109-05:00,9100,47148.070981
2020-03-06T14:41:08.659356742-05:00,9100,47150.127441
2020-03-06T14:41:18.811295783-05:00,9100,47155.368242
2020-03-06T14:41:29.076863597-05:00,9100.31,47145.65045
2020-03-06T14:41:39.245049557-05:00,9101.34,47144.922711
2020-03-06T14:41:49.506699588-05:00,9101.32,47144.291121
2020-03-06T14:42:00.114866109-05:00,9096.64,47151.668311
2020-03-06T14:42:10.489333747-05:00,9098.28,47152.762252
2020-03-06T14:42:20.860386313-05:00,9098.73,47153.766801
2020-03-06T14:42:31.120940799-05:00,9099.27,47122.837437
2020-03-06T14:42:41.381363436-05:00,9099.03,47118.507835
2020-03-06T14:42:51.535376583-05:00,9098.69,47110.06701
2020-03-06T14:43:01.699743181-05:00,9099.84,47107.795994
2020-03-06T14:43:11.957920567-05:00,9100.9,47102.24974
2020-03-06T14:43:22.108900298-05:00,9100.89,47102.008257
2020-03-06T14:43:32.260740513-05:00,9097.56,47106.692253
2020-03-06T14:43:42.42185033-05:00,9096.66,47106.325004
2020-03-06T14:43:52.576666457-05:00,9095.37,47106.389836
2020-03-06T14:44:02.728962372-05:00,9095.65,47108.68003
2020-03-06T14:44:12.879938682-05:00,9097.01,47110.520553
2020-03-06T14:44:23.039783411-05:00,9096.68,47113.280289
2020-03-06T14:44:33.298228534-05:00,9096.89,47109.527932
2020-03-06T14:44:43.55573462-05:00,9095.1,47110.305313
2020-03-06T14:44:53.705556359-05:00,9095,47106.449091
2020-03-06T14:45:03.856648611-05:00,9094.77,47105.255747
2020-03-06T14:45:14.008639196-05:00,9093.7,47105.936768
2020-03-06T14:45:24.164368921-05:00,9094.81,47091.562345
2020-03-06T14:45:34.323137726-05:00,9098.68,47090.626495
2020-03-06T14:45:44.474365772-05:00,9098.53,47093.256595
2020-03-06T14:45:54.630743602-05:00,9098.76,47095.655308
2020-03-06T14:46:04.783287205-05:00,9098.87,47096.212881
2020-03-06T14:46:15.164740168-05:00,9099.16,47098.254726
2020-03-06T14:46:25.314910541-05:00,9099.31,47097.799666
2020-03-06T14:46:35.472994954-05:00,9099.77,47097.670233
2020-03-06T14:46:45.740748734-05:00,9098.76,47099.993887
2020-03-06T14:46:55.89344522-05:00,9099.11,47102.155313
2020-03-06T14:47:06.049820591-05:00,9098.6,47089.660098
2020-03-06T14:47:16.201598728-05:00,9098.62,47090.868011
2020-03-06T14:47:26.354062415-05:00,9098.6,47091.887815
2020-03-06T14:47:36.50845061-05:00,9098.6,47090.58264
2020-03-06T14:47:46.657813663-05:00,9098.6,47089.909802
2020-03-06T14:47:56.818001421-05:00,9098.6,47089.517681
2020-03-06T14:48:06.969700188-05:00,9099.42,47082.897775
2020-03-06T14:48:17.124403057-05:00,9099.7,47080.047074
2020-03-06T14:48:27.510176616-05:00,9099.06,47079.731101
2020-03-06T14:48:37.668353875-05:00,9099.29,47079.043024
2020-03-06T14:48:47.820648393-05:00,9099.95,47083.578194
2020-03-06T14:48:57.972393081-05:00,9100.24,47082.898589
2020-03-06T14:49:08.131692277-05:00,9099.76,47084.689218
2020-03-06T14:49:18.285461711-05:00,9100.15,47083.436123
2020-03-06T14:49:28.436953019-05:00,9093.46,47100.400239
2020-03-06T14:49:38.589186992-05:00,9093.25,47102.86289
2020-03-06T14:49:48.74209333-05:00,9093.18,47099.003793
2020-03-06T14:49:58.891944564-05:00,9093.13,47098.372223
2020-03-06T14:50:09.045277859-05:00,9092.92,47098.53472
2020-03-06T14:50:19.205459909-05:00,9093.52,47090.030857
2020-03-06T14:50:29.358605801-05:00,9093.35,47090.352788
2020-03-06T14:50:39.514805874-05:00,9093.1,47082.918938
2020-03-06T14:50:49.667219057-05:00,9093.67,47082.360433
2020-03-06T14:50:59.825513909-05:00,9093.19,47079.095484
2020-03-06T14:51:09.975798707-05:00,9094.02,47077.38496
2020-03-06T14:51:20.1276202-05:00,9092.95,47079.456857
2020-03-06T14:51:30.504391924-05:00,9092.9,47081.966732
2020-03-06T14:51:40.655140503-05:00,9092.78,47081.039881
2020-03-06T14:51:50.917935957-05:00,9092.5,47080.85224
2020-03-06T14:52:01.069407939-05:00,9092.39,47080.81763
2020-03-06T14:52:11.226384309-05:00,9093.17,47080.80487
2020-03-06T14:52:21.38165107-05:00,9097.01,47091.204801
2020-03-06T14:52:31.650600519-05:00,9097.37,47092.479297
2020-03-06T14:52:42.025261569-05:00,9096.68,47093.369751
2020-03-06T14:52:52.177070653-05:00,9097.03,47093.192352
2020-03-06T14:53:02.440725383-05:00,9095.82,47092.779506
2020-03-06T14:53:12.590365345-05:00,9095.97,47092.718397
2020-03-06T14:53:22.747062632-05:00,9096.06,47089.77082
2020-03-06T14:53:32.903407164-05:00,9095.96,47079.15707
2020-03-06T14:53:43.166078942-05:00,9095.89,47079.717911
2020-03-06T14:53:53.543393887-05:00,9095.78,47079.213189
2020-03-06T14:54:03.707728012-05:00,9092.19,47077.623837
2020-03-06T14:54:13.858768452-05:00,9092.97,47075.998146
2020-03-06T14:54:24.120011992-05:00,9093.84,47074.666302
2020-03-06T14:54:34.270499643-05:00,9093.17,47069.675531
2020-03-06T14:54:44.426402945-05:00,9093.57,47068.543886
2020-03-06T14:54:54.804418517-05:00,9093.57,47066.407115
2020-03-06T14:55:04.962802362-05:00,9092.18,47067.339174
2020-03-06T14:55:15.118107467-05:00,9097.29,47069.762008
2020-03-06T14:55:25.274635665-05:00,9097.32,47066.066936
2020-03-06T14:55:35.429104416-05:00,9098.07,47065.493482
2020-03-06T14:55:46.040836415-05:00,9096.83,47065.497405
2020-03-06T14:55:56.199616276-05:00,9096.96,47063.083956
2020-03-06T14:56:06.353710476-05:00,9097.11,47062.177163
2020-03-06T14:56:16.513417236-05:00,9095.18,47063.82017
2020-03-06T14:56:26.664258244-05:00,9095.04,47063.625935
2020-03-06T14:56:36.816218227-05:00,9094.88,47063.037059
2020-03-06T14:56:46.964769971-05:00,9094.11,47069.474517
2020-03-06T14:56:57.119971178-05:00,9095,47069.6489
2020-03-06T14:57:07.271236689-05:00,9093.03,47070.158606
2020-03-06T14:57:17.423253331-05:00,9092.6,47070.254499
2020-03-06T14:57:27.577568697-05:00,9086.81,47039.166526
2020-03-06T14:57:37.73063201-05:00,9086.81,46994.442203
2020-03-06T14:57:47.999854205-05:00,9086.04,46985.86476
2020-03-06T14:57:58.158404672-05:00,9085.14,46985.286217
2020-03-06T14:58:08.310328293-05:00,9085.46,46982.532959
2020-03-06T14:58:18.462667422-05:00,9085.22,46981.42422
2020-03-06T14:58:28.626563373-05:00,9085.07,46981.727696
2020-03-06T14:58:39.220987359-05:00,9089.11,46983.449586
2020-03-06T14:58:49.386235059-05:00,9087.81,46985.23761
2020-03-06T14:58:59.538223191-05:00,9086.44,46891.898163
2020-03-06T14:59:09.69560548-05:00,9087.74,46861.793813
2020-03-06T14:59:19.847010912-05:00,9087.73,46841.934493
2020-03-06T14:59:29.997298303-05:00,9086.01,46827.5089
2020-03-06T14:59:40.150313375-05:00,9084.55,46815.788429
2020-03-06T14:59:50.41167218-05:00,9085.06,46809.988165
2020-03-06T15:00:00.575095075-05:00,9084.62,46768.956289
2020-03-06T15:00:10.732197906-05:00,9084.77,46720.964542
2020-03-06T15:00:21.105672774-05:00,9087.17,46700.015758
2020-03-06T15:00:31.269037805-05:00,9094.05,46688.579168
2020-03-06T15:00:41.65068632-05:00,9095,46679.739082
2020-03-06T15:00:51.8043454-05:00,9095.15,46672.733942
2020-03-06T15:01:02.613088248-05:00,9095.89,46670.894154
2020-03-06T15:01:12.769220387-05:00,9095.03,46654.437721
2020-03-06T15:01:23.153128942-05:00,9095.75,46644.767281
2020-03-06T15:01:33.311877269-05:00,9095.08,46639.139027
2020-03-06T15:01:43.691106817-05:00,9095.05,46604.0781
2020-03-06T15:01:53.844156065-05:00,9095.65,46584.300761
2020-03-06T15:02:03.996440918-05:00,9095.43,46577.202145
2020-03-06T15:02:14.279180397-05:00,9094.79,46570.630279
2020-03-06T15:02:24.542656244-05:00,9093.64,46561.896971
2020-03-06T15:02:34.802111332-05:00,9092.28,46548.842962
2020-03-06T15:02:44.956809337-05:00,9091.64,46532.424957
2020-03-06T15:02:55.111637657-05:00,9091.63,46527.115736
2020-03-06T15:03:05.488504256-05:00,9090,46520.729807
2020-03-06T15:03:15.862327267-05:00,9090,46516.616544
2020-03-06T15:03:26.126083404-05:00,9090,46517.23092
2020-03-06T15:03:36.391700584-05:00,9089.99,46518.15171
2020-03-06T15:03:46.649286671-05:00,9094.72,46522.924161
2020-03-06T15:03:56.803541782-05:00,9093.67,46512.060387
2020-03-06T15:04:06.957633877-05:00,9093.02,46509.458076
2020-03-06T15:04:17.114992139-05:00,9092.41,46505.309206
2020-03-06T15:04:27.26513594-05:00,9091.45,46499.274678
2020-03-06T15:04:37.637533054-05:00,9090.9,46487.978082
2020-03-06T15:04:47.793909005-05:00,9094.62,46467.559112
2020-03-06T15:04:57.945477446-05:00,9093.28,46462.506043
2020-03-06T15:05:08.096870196-05:00,9093.17,46445.975519
2020-03-06T15:05:18.357557832-05:00,9093.11,46381.394391
2020-03-06T15:05:28.6265855-05:00,9093.37,46372.046531
2020-03-06T15:05:38.782799387-05:00,9093.07,46345.427996
2020-03-06T15:05:48.935056748-05:00,9094.25,46330.586223
2020-03-06T15:05:59.091069981-05:00,9093.29,46314.991339
2020-03-06T15:06:09.258027956-05:00,9093.81,46306.08936
2020-03-06T15:06:19.408263738-05:00,9093.57,46303.447011
2020-03-06T15:06:29.564945914-05:00,9094.07,46297.689385
2020-03-06T15:06:39.715969623-05:00,9093.89,46297.018661
2020-03-06T15:06:50.089157634-05:00,9093.88,46296.539734
2020-03-06T15:07:00.253197975-05:00,9094.19,46294.934335
2020-03-06T15:07:10.409043828-05:00,9093.9,46283.335021
2020-03-06T15:07:20.784132705-05:00,9093.84,46280.931101
2020-03-06T15:07:30.938989115-05:00,9095.97,46280.564974
2020-03-06T15:07:41.094845612-05:00,9096.46,46277.65069
2020-03-06T15:07:51.250563567-05:00,9096.69,46278.158638
2020-03-06T15:08:01.629174087-05:00,9096.59,46270.366689
2020-03-06T15:08:11.782932552-05:00,9097.12,46269.219804
2020-03-06T15:08:21.93863709-05:00,9096.53,46268.1959
2020-03-06T15:08:32.096979432-05:00,9098.94,46270.761612
2020-03-06T15:08:42.264685637-05:00,9096.65,46268.757044
2020-03-06T15:08:52.53322472-05:00,9097.13,46269.554717
2020-03-06T15:09:02.695615945-05:00,9096.54,46258.144507
2020-03-06T15:09:12.844292146-05:00,9097.14,46260.009697
2020-03-06T15:09:23.00291953-05:00,9098.99,46259.841322
2020-03-06T15:09:33.155801516-05:00,9099,46258.548569
2020-03-06T15:09:43.307610261-05:00,9099,46255.794296
2020-03-06T15:09:53.570258628-05:00,9099.3,46244.267007
2020-03-06T15:10:03.721414154-05:00,9099.09,46243.356609
2020-03-06T15:10:13.875558322-05:00,9099.08,46242.692023
2020-03-06T15:10:24.02866325-05:00,9098.73,46255.404543
2020-03-06T15:10:34.288140166-05:00,9099.57,46257.48502
2020-03-06T15:10:44.44968697-05:00,9099.41,46256.056977
2020-03-06T15:10:54.604006966-05:00,9099.75,46252.391164
2020-03-06T15:11:04.76153723-05:00,9099.64,46253.368607
2020-03-06T15:11:15.136585695-05:00,9096.75,46259.165474
2020-03-06T15:11:25.410448314-05:00,9097.5,46258.906178
2020-03-06T15:11:35.800743543-05:00,9097.44,46250.697687
2020-03-06T15:11:45.95251444-05:00,9096.38,46239.004509
2020-03-06T15:11:56.22696899-05:00,9097.78,46238.721404
2020-03-06T15:12:06.491352099-05:00,9097.58,46237.51075
2020-03-06T15:12:16.865992729-05:00,9097.19,46237.998854
2020-03-06T15:12:27.126482594-05:00,9095.72,46241.441362
2020-03-06T15:12:37.501793357-05:00,9096.12,46231.024467
2020-03-06T15:12:47.65932312-05:00,9096.12,46228.216993
2020-03-06T15:12:58.030858984-05:00,9095.8,46223.570178
2020-03-06T15:13:08.404801134-05:00,9095.96,46221.779634
2020-03-06T15:13:18.778412839-05:00,9095.4,46218.267009
2020-03-06T15:13:29.155563281-05:00,9094.98,46227.124936
2020-03-06T15:13:39.414731027-05:00,9096,46227.004849
2020-03-06T15:13:49.564242803-05:00,9095.65,46226.053421
2020-03-06T15:13:59.717303361-05:00,9094.32,46245.790081
2020-03-06T15:14:10.090678342-05:00,9092.09,46246.181875
2020-03-06T15:14:20.358080064-05:00,9090.88,46243.298672
2020-03-06T15:14:30.509338629-05:00,9091.87,46242.100625
2020-03-06T15:14:40.66371285-05:00,9092.57,46241.924827
2020-03-06T15:14:50.824312466-05:00,9093.03,46236.552236
2020-03-06T15:15:01.200745857-05:00,9092.59,46224.916513
2020-03-06T15:15:11.350594163-05:00,9093.04,46220.553237
2020-03-06T15:15:21.506846164-05:00,9092.89,46218.725575
2020-03-06T15:15:31.877907197-05:00,9092.6,46218.593756
2020-03-06T15:15:42.030825828-05:00,9092.99,46218.019625
2020-03-06T15:15:52.405287964-05:00,9094.26,46216.53728
2020-03-06T15:16:02.774091786-05:00,9097.11,46210.756277
2020-03-06T15:16:12.937486882-05:00,9096.61,46212.139869
2020-03-06T15:16:23.096319426-05:00,9096.51,46193.145301
2020-03-06T15:16:33.482312863-05:00,9098.14,46192.620392
2020-03-06T15:16:43.633819425-05:00,9099,46191.8554
2020-03-06T15:16:53.787641972-05:00,9099.68,46183.715646
2020-03-06T15:17:04.048467308-05:00,9099.11,46161.106578
2020-03-06T15:17:14.206840956-05:00,9099.43,46161.136903
2020-03-06T15:17:24.365410612-05:00,9099.74,46154.340996
2020-03-06T15:17:34.624462753-05:00,9100,46154.464257
2020-03-06T15:17:44.783912749-05:00,9101.92,46159.120179
2020-03-06T15:17:54.934497012-05:00,9105.01,46162.716179
2020-03-06T15:18:05.086574847-05:00,9106.18,46154.233838
2020-03-06T15:18:15.239004242-05:00,9104.83,46155.07339
2020-03-06T15:18:25.505621769-05:00,9107.92,46164.280375
2020-03-06T15:18:35.658310873-05:00,9105.69,46161.210658
2020-03-06T15:18:45.81151285-05:00,9105.78,46167.61513
2020-03-06T15:18:55.971140982-05:00,9105.9,46172.545299
2020-03-06T15:19:06.12520989-05:00,9106.93,46168.784618
2020-03-06T15:19:16.384651906-05:00,9107.58,46168.210249
2020-03-06T15:19:26.537554811-05:00,9107.84,46167.625812
2020-03-06T15:19:36.800031505-05:00,9105.3,46174.855449
2020-03-06T15:19:47.072238213-05:00,9105,46171.354382
2020-03-06T15:19:57.23045137-05:00,9104.76,46165.124228
2020-03-06T15:20:07.387208119-05:00,9104.03,46063.97615
2020-03-06T15:20:17.758540986-05:00,9103.65,46063.500575
2020-03-06T15:20:27.917984024-05:00,9103.49,46059.228968
2020-03-06T15:20:38.081602713-05:00,9104.49,46058.066101
2020-03-06T15:20:48.233112072-05:00,9104.7,46056.999393
2020-03-06T15:20:58.386246403-05:00,9099.77,46066.17678
2020-03-06T15:21:08.537881118-05:00,9099.77,46057.310873
2020-03-06T15:21:18.697662504-05:00,9100.74,46052.658784
2020-03-06T15:21:28.960244374-05:00,9099.59,46050.673578
2020-03-06T15:21:39.112925699-05:00,9100.32,46042.327944
2020-03-06T15:21:49.265871876-05:00,9100.19,46035.838378
2020-03-06T15:21:59.837024694-05:00,9100.95,46035.46173
2020-03-06T15:22:09.9925402-05:00,9100.69,46029.481059
2020-03-06T15:22:20.143589984-05:00,9103.94,46025.808852
2020-03-06T15:22:30.297840252-05:00,9104.27,46022.684954
2020-03-06T15:22:40.449637527-05:00,9103.25,46020.727671
2020-03-06T15:22:50.606315469-05:00,9102.64,46022.203646
2020-03-06T15:23:00.762534233-05:00,9102.63,46019.573102
2020-03-06T15:23:11.142041226-05:00,9102.71,46017.316663
2020-03-06T15:23:21.302366028-05:00,9101.92,46016.271812
2020-03-06T15:23:31.457909493-05:00,9102.62,46008.342305
2020-03-06T15:23:41.727945118-05:00,9102.59,46006.425175
2020-03-06T15:23:51.879490869-05:00,9102.63,46005.904487
2020-03-06T15:24:02.14343882-05:00,9101.68,46002.931236
2020-03-06T15:24:12.523869304-05:00,9101.65,45998.032224
2020-03-06T15:24:22.678826413-05:00,9105.58,45996.816929
2020-03-06T15:24:32.940754125-05:00,9104.49,45993.245438
2020-03-06T15:24:43.324615608-05:00,9105.17,45997.247488
2020-03-06T15:24:53.591338689-05:00,9103.58,45998.058028
2020-03-06T15:25:03.972477562-05:00,9103.7,45995.86353
2020-03-06T15:25:14.34806311-05:00,9103.88,45996.454118
2020-03-06T15:25:24.506414688-05:00,9105.13,45996.430342
2020-03-06T15:25:34.66708687-05:00,9103.9,45994.027107
2020-03-06T15:25:44.925633786-05:00,9104.2,45992.875127
2020-03-06T15:25:55.078398436-05:00,9103.52,45993.815378
2020-03-06T15:26:05.231277524-05:00,9103.98,45992.024619
2020-03-06T15:26:15.495988934-05:00,9104.24,45991.063815
2020-03-06T15:26:25.761174338-05:00,9104.25,45990.80642
2020-03-06T15:26:35.917366779-05:00,9100.05,46000.012018
2020-03-06T15:26:46.069359777-05:00,9100,46002.751566
2020-03-06T15:26:56.21954022-05:00,9097.64,46002.726365
2020-03-06T15:27:06.374343667-05:00,9098.84,46003.222737
2020-03-06T15:27:16.637229714-05:00,9100.01,45994.421088
2020-03-06T15:27:26.789522204-05:00,9100.44,45992.20853
2020-03-06T15:27:36.942442984-05:00,9099.66,45991.089836
2020-03-06T15:27:47.098000206-05:00,9099.97,45991.34228
2020-03-06T15:27:57.255321521-05:00,9100.04,45986.521743
2020-03-06T15:28:07.413818991-05:00,9103.84,45994.561981
2020-03-06T15:28:17.677631499-05:00,9104.02,45993.952646
2020-03-06T15:28:27.829759706-05:00,9103.64,45994.52092
2020-03-06T15:28:38.100198832-05:00,9103.91,45991.769824
2020-03-06T15:28:48.359365841-05:00,9103.64,45992.595041
2020-03-06T15:28:58.742003113-05:00,9103.3,45991.247648
2020-03-06T15:29:09.347366694-05:00,9107,45994.533319
2020-03-06T15:29:19.610714302-05:00,9107.88,45994.395434
2020-03-06T15:29:30.212007075-05:00,9107.22,45993.505349
2020-03-06T15:29:40.363144237-05:00,9106.84,45991.181654
2020-03-06T15:29:50.632453204-05:00,9105.18,45990.642349
2020-03-06T15:30:00.783916492-05:00,9104.49,45988.488282
2020-03-06T15:30:10.937252857-05:00,9104.41,45988.26418
2020-03-06T15:30:21.199467823-05:00,9104,45988.163273
2020-03-06T15:30:31.470310546-05:00,9103.67,45987.250064
2020-03-06T15:30:41.850067873-05:00,9104.93,45986.47663
2020-03-06T15:30:52.224013988-05:00,9104.38,45985.665324
2020-03-06T15:31:02.376906215-05:00,9104.58,45978.041363
2020-03-06T15:31:12.528621266-05:00,9104.01,45979.122558
2020-03-06T15:31:22.680129599-05:00,9103.9,45976.030899
2020-03-06T15:31:32.830722225-05:00,9100.86,45978.760954
2020-03-06T15:31:43.434745568-05:00,9100.83,45978.98318
2020-03-06T15:31:53.588698472-05:00,9100.85,45976.902964
2020-03-06T15:32:03.740833076-05:00,9100.9,45974.074028
2020-03-06T15:32:13.901064617-05:00,9100.86,45975.025998
2020-03-06T15:32:24.059565528-05:00,9106.12,45979.035307
2020-03-06T15:32:34.214487803-05:00,9105.84,45982.642738
2020-03-06T15:32:44.371733904-05:00,9105.57,45983.07922
2020-03-06T15:32:54.526357269-05:00,9105.61,45983.43884
2020-03-06T15:33:04.67818651-05:00,9106,45980.902083
2020-03-06T15:33:14.958212384-05:00,9103.86,45981.640614
2020-03-06T15:33:25.116226189-05:00,9103.09,45981.40851
2020-03-06T15:33:35.272814687-05:00,9103.92,45981.333256
2020-03-06T15:33:45.431712703-05:00,9104.17,45982.682112
2020-03-06T15:33:55.583820473-05:00,9105.65,45981.410387
2020-03-06T15:34:05.743056841-05:00,9106.54,45982.265433
2020-03-06T15:34:15.895953301-05:00,9106.6,45984.300517
2020-03-06T15:34:26.265918748-05:00,9106.59,45984.621985
2020-03-06T15:34:36.418834471-05:00,9106.49,45982.720431
2020-03-06T15:34:46.573158283-05:00,9104.78,45984.465014
2020-03-06T15:34:56.729602759-05:00,9104.2,45960.698611
2020-03-06T15:35:07.107364371-05:00,9101.81,45957.35597
2020-03-06T15:35:17.260279046-05:00,9101.29,45957.494817
2020-03-06T15:35:27.422971706-05:00,9102.04,45955.345064
2020-03-06T15:35:37.685025325-05:00,9101.79,45953.992836
2020-03-06T15:35:47.838385264-05:00,9101.43,45947.85297
2020-03-06T15:35:58.212147773-05:00,9100.78,45946.339181
2020-03-06T15:36:08.477463655-05:00,9100.84,45954.353434
2020-03-06T15:36:18.738298275-05:00,9100.86,45943.363034
2020-03-06T15:36:28.99665534-05:00,9100.85,45839.993967
2020-03-06T15:36:39.157585985-05:00,9101.36,45832.637956
2020-03-06T15:36:49.768253994-05:00,9101.17,45833.796247
2020-03-06T15:37:00.139194461-05:00,9101.32,45834.595473
2020-03-06T15:37:10.296008961-05:00,9103.69,45832.489574
2020-03-06T15:37:20.458654581-05:00,9104.99,45810.825573
2020-03-06T15:37:30.608101623-05:00,9104.84,45809.506655
2020-03-06T15:37:40.771435669-05:00,9104.8,45807.756543
2020-03-06T15:37:50.920048442-05:00,9105.15,45808.079873
2020-03-06T15:38:01.071557197-05:00,9104.82,45806.480638
2020-03-06T15:38:11.448153332-05:00,9104.83,45805.582695
2020-03-06T15:38:21.820073014-05:00,9104.82,45775.944173
2020-03-06T15:38:32.080270966-05:00,9104.81,45765.162297
2020-03-06T15:38:42.349566234-05:00,9104.82,45764.109622
2020-03-06T15:38:52.719703347-05:00,9104.81,45743.759837
2020-03-06T15:39:02.870759804-05:00,9104.82,45742.99566
2020-03-06T15:39:13.02143633-05:00,9105.25,45748.584942
2020-03-06T15:39:23.173232693-05:00,9105.69,45747.765603
2020-03-06T15:39:33.324523463-05:00,9106.29,45746.223444
2020-03-06T15:39:43.474552955-05:00,9107.6,45745.383937
2020-03-06T15:39:53.631901941-05:00,9106.65,45743.596417
2020-03-06T15:40:03.783238388-05:00,9106.54,45744.853017
2020-03-06T15:40:13.936756186-05:00,9104.81,45743.47823
2020-03-06T15:40:24.090064625-05:00,9104.81,45747.662304
2020-03-06T15:40:34.242287767-05:00,9104.81,45741.291835
2020-03-06T15:40:44.397305573-05:00,9104.81,45738.611803
2020-03-06T15:40:54.548293144-05:00,9101.91,45744.709074
2020-03-06T15:41:04.698309325-05:00,9103.28,45741.783287
2020-03-06T15:41:14.851556908-05:00,9102.21,45743.415123
2020-03-06T15:41:25.118229328-05:00,9101.85,45742.249387
2020-03-06T15:41:35.272874659-05:00,9102.78,45742.618529
2020-03-06T15:41:45.533067239-05:00,9102.78,45742.78404
2020-03-06T15:41:55.685876327-05:00,9102.87,45740.865521
2020-03-06T15:42:06.056447026-05:00,9101.98,45741.087881
2020-03-06T15:42:16.211755319-05:00,9102.79,45741.538878
2020-03-06T15:42:26.588523603-05:00,9102.08,45736.487646
2020-03-06T15:42:36.743688401-05:00,9102.16,45732.446947
2020-03-06T15:42:47.004656284-05:00,9102,45731.264594
2020-03-06T15:42:57.158466876-05:00,9103.04,45731.105294
2020-03-06T15:43:07.312380953-05:00,9103.03,45731.875124
2020-03-06T15:43:17.685229104-05:00,9102.42,45729.628303
2020-03-06T15:43:27.953148029-05:00,9102.75,45710.528924
2020-03-06T15:43:38.105256901-05:00,9102.57,45707.978397
2020-03-06T15:43:48.371813843-05:00,9102.87,45705.49033
2020-03-06T15:43:58.639277479-05:00,9102.58,45702.160263
2020-03-06T15:44:08.790226036-05:00,9104.27,45708.795868
2020-03-06T15:44:19.057357038-05:00,9104.73,45703.290168
2020-03-06T15:44:29.219967473-05:00,9104.12,45700.114508
2020-03-06T15:44:39.374269476-05:00,9104.1,45693.642317
2020-03-06T15:44:49.528261987-05:00,9104.02,45691.567649
2020-03-06T15:44:59.910667298-05:00,9104.66,45688.03776
2020-03-06T15:45:10.173393005-05:00,9104.61,45685.201065
2020-03-06T15:45:20.545656658-05:00,9105,45683.95312
2020-03-06T15:45:30.699212319-05:00,9104.79,45679.872319
2020-03-06T15:45:40.961325265-05:00,9104.71,45655.243898
2020-03-06T15:45:51.113723305-05:00,9104.8,45651.501581
2020-03-06T15:46:01.491377866-05:00,9104.56,45636.676919
2020-03-06T15:46:11.750367179-05:00,9104.62,45634.95187
2020-03-06T15:46:22.023001513-05:00,9104.81,45629.006785
2020-03-06T15:46:32.397555177-05:00,9104.68,45622.169752
2020-03-06T15:46:42.54845902-05:00,9103.88,45621.420416
2020-03-06T15:46:52.699859852-05:00,9103.86,45620.471239
2020-03-06T15:47:02.851781821-05:00,9102.94,45599.15203
2020-03-06T15:47:13.013392508-05:00,9103.7,45592.060285
2020-03-06T15:47:23.168947053-05:00,9102.65,45586.032412
2020-03-06T15:47:33.32706104-05:00,9102.11,45580.877591
2020-03-06T15:47:43.483575849-05:00,9102.48,45578.598326
2020-03-06T15:47:53.854976845-05:00,9102.44,45575.28797
2020-03-06T15:48:04.010125755-05:00,9101.92,45588.187915
2020-03-06T15:48:14.16053436-05:00,9100.86,45589.439068
2020-03-06T15:48:24.318914212-05:00,9101.58,45588.709718
2020-03-06T15:48:34.482767651-05:00,9100.01,45581.923144
2020-03-06T15:48:44.742728707-05:00,9098.97,45579.852909
2020-03-06T15:48:55.003386333-05:00,9098.39,45577.962533
2020-03-06T15:49:05.270411849-05:00,9096.72,45579.891587
2020-03-06T15:49:15.532052558-05:00,9094.75,45593.405644
2020-03-06T15:49:25.682328055-05:00,9095.53,45588.108292
2020-03-06T15:49:35.949160457-05:00,9096,45588.901949
2020-03-06T15:49:46.326014643-05:00,9095.32,45585.968308
2020-03-06T15:49:56.47669635-05:00,9093.48,45583.955343
2020-03-06T15:50:06.635757896-05:00,9090.48,45585.754295
2020-03-06T15:50:16.790731012-05:00,9089.37,45586.846733
2020-03-06T15:50:27.052078794-05:00,9088.83,45584.302561
2020-03-06T15:50:37.207446294-05:00,9088.6,45584.12981
2020-03-06T15:50:47.57857298-05:00,9093.75,45585.425353
2020-03-06T15:50:57.733247762-05:00,9093.05,45585.397562
2020-03-06T15:51:07.888226731-05:00,9093.16,45583.605045
2020-03-06T15:51:18.048766735-05:00,9092.01,45582.383242
2020-03-06T15:51:28.424040915-05:00,9091.8,45580.372062
2020-03-06T15:51:38.794151464-05:00,9092.31,45577.892628
2020-03-06T15:51:48.95721082-05:00,9090.99,45577.414214
2020-03-06T15:51:59.330940229-05:00,9091,45574.914856
2020-03-06T15:52:09.599116089-05:00,9094.95,45582.16832
2020-03-06T15:52:19.758866914-05:00,9094.45,45579.676167
2020-03-06T15:52:29.920659004-05:00,9094.27,45578.579494
2020-03-06T15:52:40.071342031-05:00,9095.41,45579.29773
2020-03-06T15:52:50.222994479-05:00,9094.88,45578.047313
2020-03-06T15:53:00.486421488-05:00,9094.73,45577.015285
2020-03-06T15:53:10.643186791-05:00,9094.76,45574.868873
2020-03-06T15:53:20.79379146-05:00,9096.42,45568.667639
2020-03-06T15:53:30.947436159-05:00,9096.26,45557.085162
2020-03-06T15:53:41.101240295-05:00,9095.78,45557.455568
2020-03-06T15:53:51.256712921-05:00,9095.25,45557.055088
2020-03-06T15:54:01.62607899-05:00,9095.47,45555.661536
2020-03-06T15:54:11.776241404-05:00,9095.46,45554.898553
2020-03-06T15:54:21.928539056-05:00,9095.44,45556.312397
2020-03-06T15:54:32.085919669-05:00,9094.51,45555.687753
2020-03-06T15:54:42.239298112-05:00,9094.59,45547.761686
2020-03-06T15:54:52.393541059-05:00,9094.9,45540.399936
2020-03-06T15:55:02.55379934-05:00,9094.11,45549.740807
2020-03-06T15:55:12.928760284-05:00,9096.42,45549.874458
2020-03-06T15:55:23.081513743-05:00,9095.42,45542.253946
2020-03-06T15:55:33.234919388-05:00,9095.37,45534.950937
2020-03-06T15:55:43.498880775-05:00,9095.45,45533.559636
2020-03-06T15:55:53.651311869-05:00,9094.43,45537.621576
2020-03-06T15:56:04.02719823-05:00,9091.14,45542.626885
2020-03-06T15:56:14.400775226-05:00,9091.17,45539.287581
2020-03-06T15:56:24.554385162-05:00,9090.18,45531.36754
2020-03-06T15:56:34.705772894-05:00,9090.65,45527.028422
2020-03-06T15:56:44.977906529-05:00,9089.86,45518.518092
2020-03-06T15:56:55.129744954-05:00,9089.55,45517.922015
2020-03-06T15:57:05.501086583-05:00,9089.24,45516.752149
2020-03-06T15:57:15.653574941-05:00,9089.33,45516.300039
2020-03-06T15:57:25.807688147-05:00,9102.82,45524.991231
2020-03-06T15:57:35.958159345-05:00,9102.88,45531.639953
2020-03-06T15:57:46.33690803-05:00,9098.19,45529.517946
2020-03-06T15:57:56.716440838-05:00,9101.39,45526.850673
2020-03-06T15:58:06.869812182-05:00,9103.16,45525.65171
2020-03-06T15:58:17.136154777-05:00,9097.57,45524.529644
2020-03-06T15:58:27.40391916-05:00,9098.24,45521.823949
2020-03-06T15:58:37.778057047-05:00,9098.24,45518.200796
2020-03-06T15:58:48.043147712-05:00,9098.19,45516.866535
2020-03-06T15:58:58.416597462-05:00,9098.18,45516.736788
2020-03-06T15:59:08.57071273-05:00,9099.32,45511.296913
2020-03-06T15:59:18.731408724-05:00,9099.24,45502.681081
2020-03-06T15:59:28.905921242-05:00,9099.42,45497.618649
2020-03-06T15:59:39.057146421-05:00,9098.66,45496.569988
2020-03-06T15:59:49.429835279-05:00,9098.29,45493.012238
2020-03-06T15:59:59.805501077-05:00,9097.88,45487.402567
2020-03-06T16:00:09.957947659-05:00,9099.7,45486.947944
2020-03-06T16:00:20.153089622-05:00,9104.35,45486.733733
2020-03-06T16:00:30.526334968-05:00,9104.47,45488.12977
2020-03-06T16:00:40.690403422-05:00,9104.43,45485.522452
2020-03-06T16:00:50.843028527-05:00,9104.4,45482.899329
2020-03-06T16:01:00.992822212-05:00,9103.73,45481.19661
2020-03-06T16:01:11.148847808-05:00,9104.38,45477.417465
2020-03-06T16:01:21.302636344-05:00,9104.16,45477.847158
2020-03-06T16:01:31.460703798-05:00,9104.8,45477.970402
2020-03-06T16:01:41.611624059-05:00,9105.31,45477.595011
2020-03-06T16:01:51.763844234-05:00,9105.75,45469.032106
2020-03-06T16:02:01.915341179-05:00,9105.22,45467.046051
2020-03-06T16:02:12.068704473-05:00,9106.74,45462.528002
2020-03-06T16:02:22.229555644-05:00,9106.95,45452.757987
2020-03-06T16:02:32.385608291-05:00,9106.11,45448.283083
2020-03-06T16:02:42.539163049-05:00,9105.06,45445.905648
2020-03-06T16:02:52.805590803-05:00,9106.69,45448.274802
2020-03-06T16:03:02.958502781-05:00,9106.69,45444.053375
2020-03-06T16:03:13.112951227-05:00,9106.15,45441.895905
2020-03-06T16:03:23.2654916-05:00,9105.94,45424.487824
2020-03-06T16:03:33.418692534-05:00,9106.26,45419.894803
2020-03-06T16:03:43.576581299-05:00,9105.94,45410.200997
2020-03-06T16:03:53.72730055-05:00,9105.62,45404.943434
2020-03-06T16:04:03.987074491-05:00,9106.99,45402.049579
2020-03-06T16:04:14.138649825-05:00,9108,45400.883026
2020-03-06T16:04:24.289079832-05:00,9108.39,45397.743722
2020-03-06T16:04:34.439286597-05:00,9108.29,45392.628988
2020-03-06T16:04:44.589983538-05:00,9108.07,45386.940789
2020-03-06T16:04:54.739407698-05:00,9108.97,45385.440359
2020-03-06T16:05:05.336025672-05:00,9108.56,45383.325335
2020-03-06T16:05:15.492480928-05:00,9109,45381.382883
2020-03-06T16:05:25.648786044-05:00,9108.94,45371.515514
2020-03-06T16:05:36.025994525-05:00,9108.96,45368.350934
2020-03-06T16:05:46.177589922-05:00,9105.84,45368.364389
2020-03-06T16:05:56.329145118-05:00,9106.63,45366.527786
2020-03-06T16:06:06.479348765-05:00,9106.78,45364.08218
2020-03-06T16:06:16.633264287-05:00,9106.05,45362.229227
2020-03-06T16:06:26.799652314-05:00,9106.76,45359.973799
2020-03-06T16:06:36.956973235-05:00,9106.12,45359.922851
2020-03-06T16:06:47.108163248-05:00,9106.38,45357.953762
2020-03-06T16:06:57.262975879-05:00,9106.48,45348.262309
2020-03-06T16:07:07.523195025-05:00,9106.47,45335.744014
2020-03-06T16:07:17.897140147-05:00,9106.48,45332.319492
2020-03-06T16:07:28.050007024-05:00,9106.92,45324.578754
2020-03-06T16:07:38.314392222-05:00,9106.15,45331.220894
2020-03-06T16:07:48.691773624-05:00,9106,45330.949045
2020-03-06T16:07:59.071342742-05:00,9106,45328.69771
2020-03-06T16:08:09.223556358-05:00,9100.26,45333.866394
2020-03-06T16:08:19.380301007-05:00,9101.4,45332.713213
2020-03-06T16:08:29.532172903-05:00,9102.93,45332.452062
2020-03-06T16:08:39.682073745-05:00,9103.65,45332.453418
2020-03-06T16:08:49.94076055-05:00,9103.22,45333.272494
2020-03-06T16:09:00.322157183-05:00,9103.22,45313.594334
2020-03-06T16:09:10.701094199-05:00,9103.21,45307.849035
2020-03-06T16:09:20.852204044-05:00,9103.22,45299.92816
2020-03-06T16:09:31.002521172-05:00,9103.22,45296.968875
2020-03-06T16:09:41.262362788-05:00,9103.22,45294.747967
2020-03-06T16:09:51.520555673-05:00,9108.24,45296.764697
2020-03-06T16:10:01.673131147-05:00,9107.5,45291.301184
2020-03-06T16:10:11.824058336-05:00,9107.4,45289.190901
2020-03-06T16:10:21.975539952-05:00,9109,45286.781865
2020-03-06T16:10:32.236300624-05:00,9110.77,45291.296065
2020-03-06T16:10:42.391007447-05:00,9110.27,45290.131294
2020-03-06T16:10:52.655266721-05:00,9109.99,45292.929549
2020-03-06T16:11:02.809665744-05:00,9109.81,45292.4141
2020-03-06T16:11:12.962709898-05:00,9109.25,45290.680127
2020-03-06T16:11:23.239080689-05:00,9108.16,45286.878713
2020-03-06T16:11:33.843800562-05:00,9106.53,45268.853403
2020-03-06T16:11:44.106470405-05:00,9106.02,45267.124255
2020-03-06T16:11:54.364080872-05:00,9106.73,45268.018954
2020-03-06T16:12:04.515330053-05:00,9106.75,45267.181817
2020-03-06T16:12:14.889306683-05:00,9106.74,45253.316137
2020-03-06T16:12:25.039716856-05:00,9106.73,45246.924952
2020-03-06T16:12:35.191774727-05:00,9106.74,45246.214176
2020-03-06T16:12:45.343982425-05:00,9106.85,45236.648143
2020-03-06T16:12:55.493599364-05:00,9106.99,45233.573028
2020-03-06T16:13:05.646962969-05:00,9107,45232.072546
2020-03-06T16:13:16.261677251-05:00,9106.99,45227.964345
2020-03-06T16:13:26.413577676-05:00,9109.68,45223.706212
2020-03-06T16:13:36.79124324-05:00,9109.88,45221.45354
2020-03-06T16:13:46.944276804-05:00,9109.74,45215.237126
2020-03-06T16:13:57.206267839-05:00,9109.88,45214.844151
2020-03-06T16:14:07.804819334-05:00,9110.09,45214.465256
2020-03-06T16:14:17.959064961-05:00,9110.14,45213.394319
2020-03-06T16:14:28.112235816-05:00,9110.1,45211.839237
2020-03-06T16:14:38.26963751-05:00,9110.13,45212.439285
2020-03-06T16:14:48.422073744-05:00,9110.14,45209.747474
2020-03-06T16:14:58.576931272-05:00,9109.55,45210.375306
2020-03-06T16:15:08.842062196-05:00,9110.02,45206.972508
2020-03-06T16:15:18.993743231-05:00,9110.02,45203.43799
2020-03-06T16:15:29.145780254-05:00,9110.71,45205.249783
2020-03-06T16:15:39.418487502-05:00,9111.13,45202.731156
2020-03-06T16:15:49.637675915-05:00,9111.28,45206.048198
2020-03-06T16:15:59.791805256-05:00,9111.66,45200.331154
2020-03-06T16:16:10.059035627-05:00,9112.1,45185.39729
2020-03-06T16:16:20.430798451-05:00,9112.3,45182.622
2020-03-06T16:16:30.583982153-05:00,9112.08,45178.742042
2020-03-06T16:16:40.954358464-05:00,9112.01,45177.530774
2020-03-06T16:16:51.112738685-05:00,9113.11,45177.362366
2020-03-06T16:17:01.373458605-05:00,9113.88,45170.401441
2020-03-06T16:17:11.541880739-05:00,9115.81,45168.498601
2020-03-06T16:17:21.801435142-05:00,9111.51,45169.083545
2020-03-06T16:17:32.060333934-05:00,9112.35,45163.350165
2020-03-06T16:17:42.214147055-05:00,9112.81,45160.270026
2020-03-06T16:17:52.366582156-05:00,9113.37,45160.776041
2020-03-06T16:18:02.739044762-05:00,9113.39,45159.092699
2020-03-06T16:18:12.892482248-05:00,9113.2,45156.062253
2020-03-06T16:18:23.041927371-05:00,9112.49,45134.83033
2020-03-06T16:18:33.194557012-05:00,9112.87,45134.697092
2020-03-06T16:18:43.362657831-05:00,9113.69,45132.160823
2020-03-06T16:18:53.519965961-05:00,9112.13,45126.024444
2020-03-06T16:19:03.669712864-05:00,9112.17,45119.999749
2020-03-06T16:19:13.822596943-05:00,9112.17,45117.691791
2020-03-06T16:19:23.980492176-05:00,9110.15,45067.308585
2020-03-06T16:19:34.138198851-05:00,9108.88,45060.650537
2020-03-06T16:19:44.29534546-05:00,9107.19,45062.953005
2020-03-06T16:19:54.560768489-05:00,9108.43,45058.591643
2020-03-06T16:20:04.713498073-05:00,9112.46,45068.209743
2020-03-06T16:20:14.863946766-05:00,9111.93,45049.587374
2020-03-06T16:20:25.013850733-05:00,9112.91,45048.65117
2020-03-06T16:20:35.166146248-05:00,9112.83,45045.682694
2020-03-06T16:20:45.322667365-05:00,9110.7,45044.855692
2020-03-06T16:20:55.47331025-05:00,9110.43,45041.938542
2020-03-06T16:21:05.740842688-05:00,9111.53,45034.709942
2020-03-06T16:21:15.912103648-05:00,9111.01,45034.72063
2020-03-06T16:21:26.065007801-05:00,9110.74,45027.918606
2020-03-06T16:21:36.329809883-05:00,9110.8,45023.979769
2020-03-06T16:21:46.480263506-05:00,9110.33,45015.426548
2020-03-06T16:21:56.631252062-05:00,9110.33,45010.915639
2020-03-06T16:22:06.791939517-05:00,9114.67,45014.374217
2020-03-06T16:22:16.943359483-05:00,9114.44,45013.936518
2020-03-06T16:22:27.094105235-05:00,9115.06,45011.810891
2020-03-06T16:22:37.358514288-05:00,9115.14,45008.186589
2020-03-06T16:22:47.561581419-05:00,9113.87,45009.482078
2020-03-06T16:22:57.715567684-05:00,9113.7,45009.26379
